time,bid_price,ask_price,bid_size,ask_size,seq_num
2021-08-03 01:00:01.107502 UTC,228.2,230.2,300,300,1627942268920653174
2021-08-03 01:00:01.326608 UTC,228.4,230.2,300,300,1627942268920653175
2021-08-03 01:00:03.22333 UTC,229.13,230.2,1000,300,1627942268920653176
2021-08-03 01:00:03.225576 UTC,229.13,229.35,1000,1000,1627942268920653177
2021-08-03 01:00:03.32841 UTC,229.0,229.35,300,1000,1627942268920653182
2021-08-03 01:00:03.328426 UTC,229.14,229.35,1000,1000,1627942268920653183
2021-08-03 01:00:03.508721 UTC,229.0,229.35,300,1000,1627942268920653184
2021-08-03 01:00:03.508737 UTC,229.15,229.35,1000,1000,1627942268920653185
2021-08-03 01:00:03.588203 UTC,229.15,229.4,1000,300,1627942268920653186
2021-08-03 01:00:03.588224 UTC,229.15,229.34,1000,1000,1627942268920653187
2021-08-03 01:00:04.038695 UTC,229.0,229.34,300,1000,1627942268920653192
2021-08-03 01:00:04.038712 UTC,229.16,229.34,1000,1000,1627942268920653193
2021-08-03 01:00:04.039276 UTC,229.16,229.4,1000,300,1627942268920653194
2021-08-03 01:00:04.039293 UTC,229.16,229.35,1000,1000,1627942268920653195
2021-08-03 01:00:04.039797 UTC,229.16,229.4,1000,300,1627942268920653196
2021-08-03 01:00:04.039815 UTC,229.16,229.34,1000,1000,1627942268920653197
2021-08-03 01:00:04.138119 UTC,229.16,229.4,1000,300,1627942268920653198
2021-08-03 01:00:04.138158 UTC,229.16,229.35,1000,1000,1627942268920653199
2021-08-03 01:00:04.172746 UTC,229.0,229.35,300,1000,1627942268920653200
2021-08-03 01:00:04.184976 UTC,229.0,229.4,300,300,1627942268920653202
2021-08-03 01:00:04.172765 UTC,229.17,229.4,1000,300,1627942268920653201
2021-08-03 01:00:04.184994 UTC,229.17,229.36,1000,1000,1627942268920653203
2021-08-03 01:00:04.333981 UTC,229.0,229.36,300,1000,1627942268920653204
2021-08-03 01:00:04.334 UTC,229.18,229.36,1000,1000,1627942268920653205
2021-08-03 01:00:04.496122 UTC,229.0,229.36,300,1000,1627942268920653208
2021-08-03 01:00:04.496141 UTC,229.19,229.36,1000,1000,1627942268920653209
2021-08-03 01:00:04.553285 UTC,229.0,229.36,300,1000,1627942268920653214
2021-08-03 01:00:04.553312 UTC,229.18,229.36,1000,1000,1627942268920653215
2021-08-03 01:00:04.558666 UTC,229.18,229.4,1000,300,1627942268920653218
2021-08-03 01:00:04.558706 UTC,229.18,229.37,1000,1000,1627942268920653219
2021-08-03 01:00:04.65412 UTC,229.2,229.37,45,1000,1627942268920653220
2021-08-03 01:00:04.656328 UTC,229.2,229.37,1045,1000,1627942268920653224
2021-08-03 01:00:04.656837 UTC,229.2,229.37,45,1000,1627942268920653225
2021-08-03 01:00:04.732103 UTC,229.2,229.37,1045,1000,1627942268920653232
2021-08-03 01:00:04.743046 UTC,229.2,229.37,45,1000,1627942268920653233
2021-08-03 01:00:04.749235 UTC,229.2,229.37,1045,1000,1627942268920653236
2021-08-03 01:00:04.761058 UTC,229.2,229.4,1045,300,1627942268920653237
2021-08-03 01:00:04.761077 UTC,229.2,229.38,1045,1000,1627942268920653238
2021-08-03 01:00:04.827802 UTC,229.2,229.4,1045,300,1627942268920653239
2021-08-03 01:00:04.828152 UTC,229.2,229.4,45,300,1627942268920653240
2021-08-03 01:00:06.115762 UTC,229.2,229.4,300,300,1627942268920653241
2021-08-03 01:00:06.461529 UTC,229.23,229.4,1000,300,1627942268920653242
2021-08-03 01:00:06.49278 UTC,229.2,229.4,300,300,1627942268920653244
2021-08-03 01:00:06.492799 UTC,229.25,229.4,1000,300,1627942268920653245
2021-08-03 01:00:07.002278 UTC,229.25,229.4,1000,1300,1627942268920653267
2021-08-03 01:00:07.00224 UTC,229.25,229.4,1000,300,1627942268920653266
2021-08-03 01:00:07.026437 UTC,229.25,229.4,1000,1300,1627942268920653278
2021-08-03 01:00:07.026896 UTC,229.25,229.4,1000,300,1627942268920653279
2021-08-03 01:00:08.326244 UTC,229.25,230.2,1000,300,1627942268920653292
2021-08-03 01:00:09.135911 UTC,229.25,229.44,1000,1000,1627942268920653295
2021-08-03 01:00:09.17077 UTC,229.25,230.2,1000,300,1627942268920653296
2021-08-03 01:00:09.170816 UTC,229.25,229.43,1000,1000,1627942268920653297
2021-08-03 01:00:09.271219 UTC,229.25,229.4,1000,300,1627942268920653300
2021-08-03 01:00:09.326555 UTC,229.25,229.4,1000,1300,1627942268920653305
2021-08-03 01:00:09.459335 UTC,229.25,229.4,1000,300,1627942268920653311
2021-08-03 01:00:09.494796 UTC,229.25,229.4,1000,1300,1627942268920653314
2021-08-03 01:00:09.586702 UTC,229.25,229.4,1000,300,1627942268920653315
2021-08-03 01:00:10.609431 UTC,229.25,229.4,1000,1300,1627942268920653321
2021-08-03 01:00:10.610802 UTC,229.25,229.4,1000,300,1627942268920653323
2021-08-03 01:00:10.939927 UTC,229.25,229.4,1000,1300,1627942268920653326
2021-08-03 01:00:10.996659 UTC,229.25,229.4,1000,300,1627942268920653327
2021-08-03 01:00:11.001995 UTC,229.25,229.4,1000,1300,1627942268920653332
2021-08-03 01:00:11.092753 UTC,229.25,229.4,1000,300,1627942268920653333
2021-08-03 01:00:11.211024 UTC,229.25,229.4,1000,1300,1627942268920653336
2021-08-03 01:00:11.212017 UTC,229.25,229.4,1000,300,1627942268920653337
2021-08-03 01:00:11.365102 UTC,229.25,229.4,1000,1300,1627942268920653342
2021-08-03 01:00:11.366278 UTC,229.25,229.4,1000,300,1627942268920653343
2021-08-03 01:00:11.593146 UTC,229.25,229.4,1000,1300,1627942268920653350
2021-08-03 01:00:11.593126 UTC,229.25,229.4,1000,300,1627942268920653349
2021-08-03 01:00:11.745176 UTC,229.25,229.4,1000,1300,1627942268920653358
2021-08-03 01:00:11.747793 UTC,229.25,229.4,1000,300,1627942268920653359
2021-08-03 01:00:11.803242 UTC,229.25,229.4,1000,1300,1627942268920653370
2021-08-03 01:00:11.828234 UTC,229.25,229.4,1000,300,1627942268920653371
2021-08-03 01:00:11.951949 UTC,229.25,229.4,1000,1300,1627942268920653375
2021-08-03 01:00:13.176884 UTC,229.25,229.4,1000,300,1627942268920653386
2021-08-03 01:00:13.176903 UTC,229.25,229.39,1000,1000,1627942268920653387
2021-08-03 01:00:13.494492 UTC,229.25,229.4,1000,300,1627942268920653392
2021-08-03 01:00:13.494528 UTC,229.25,229.38,1000,1000,1627942268920653393
2021-08-03 01:00:13.495622 UTC,229.25,229.4,1000,300,1627942268920653396
2021-08-03 01:00:13.495641 UTC,229.25,229.37,1000,1000,1627942268920653397
2021-08-03 01:00:13.570595 UTC,229.25,229.4,1000,300,1627942268920653398
2021-08-03 01:00:13.570617 UTC,229.25,229.38,1000,1000,1627942268920653399
2021-08-03 01:00:14.002546 UTC,229.25,229.4,1000,300,1627942268920653402
2021-08-03 01:00:14.002565 UTC,229.25,229.39,1000,1000,1627942268920653403
2021-08-03 01:00:14.06315 UTC,229.25,229.4,1000,300,1627942268920653404
2021-08-03 01:00:14.063167 UTC,229.25,229.4,1000,1300,1627942268920653405
2021-08-03 01:00:14.063604 UTC,229.25,229.4,1000,300,1627942268920653406
2021-08-03 01:00:14.063621 UTC,229.25,229.39,1000,1000,1627942268920653407
2021-08-03 01:00:14.315107 UTC,229.25,229.4,1000,300,1627942268920653409
2021-08-03 01:00:14.315136 UTC,229.25,229.4,1000,1300,1627942268920653410
2021-08-03 01:00:14.447228 UTC,229.25,229.4,1000,300,1627942268920653415
2021-08-03 01:00:14.447359 UTC,229.25,229.41,1000,1000,1627942268920653417
2021-08-03 01:00:14.499927 UTC,229.25,229.43,1000,1000,1627942268920653420
2021-08-03 01:00:14.499945 UTC,229.25,229.42,1000,1000,1627942268920653421
2021-08-03 01:00:14.500378 UTC,229.25,229.43,1000,1000,1627942268920653424
2021-08-03 01:00:14.500412 UTC,229.25,229.41,1000,1000,1627942268920653425
2021-08-03 01:00:14.602187 UTC,229.25,229.4,1000,300,1627942268920653429
2021-08-03 01:00:17.344257 UTC,229.25,229.4,2000,300,1627942268920653485
2021-08-03 01:00:18.013197 UTC,229.25,229.4,1000,300,1627942268920653504
2021-08-03 01:00:18.60982 UTC,229.25,229.4,2000,300,1627942268920653527
2021-08-03 01:00:19.841766 UTC,229.25,229.44,2000,1000,1627942268920653542
2021-08-03 01:00:19.942387 UTC,229.25,229.4,2000,300,1627942268920653543
2021-08-03 01:00:20.020185 UTC,229.25,229.4,1000,300,1627942268920653550
2021-08-03 01:00:20.020203 UTC,229.26,229.4,1000,300,1627942268920653551
2021-08-03 01:00:25.00262 UTC,229.26,229.42,1000,1000,1627942268920653661
2021-08-03 01:00:25.102861 UTC,229.26,229.4,1000,300,1627942268920653663
2021-08-03 01:00:26.508616 UTC,229.26,229.4,1000,1300,1627942268920653676
2021-08-03 01:00:26.509013 UTC,229.26,229.4,1000,300,1627942268920653677
2021-08-03 01:00:26.83913 UTC,229.26,229.4,1000,1300,1627942268920653680
2021-08-03 01:00:27.210298 UTC,229.26,229.4,1000,300,1627942268920653681
2021-08-03 01:00:27.211065 UTC,229.26,229.4,1000,1300,1627942268920653684
2021-08-03 01:00:27.21148 UTC,229.26,229.4,1000,300,1627942268920653685
2021-08-03 01:00:27.211954 UTC,229.26,229.4,1000,1300,1627942268920653690
2021-08-03 01:00:27.553202 UTC,229.26,229.4,1000,300,1627942268920653695
2021-08-03 01:00:27.673907 UTC,229.26,229.4,1000,1300,1627942268920653699
2021-08-03 01:00:27.847433 UTC,229.26,229.4,1000,300,1627942268920653700
2021-08-03 01:00:28.011402 UTC,229.26,229.4,1000,1300,1627942268920653705
2021-08-03 01:00:28.254821 UTC,229.26,229.4,1000,300,1627942268920653708
2021-08-03 01:00:28.299506 UTC,229.26,229.4,1000,1300,1627942268920653711
2021-08-03 01:00:28.419759 UTC,229.26,229.4,1000,300,1627942268920653712
2021-08-03 01:00:28.50195 UTC,229.26,229.4,1000,1300,1627942268920653719
2021-08-03 01:00:29.288584 UTC,229.26,229.4,1000,300,1627942268920653740
2021-08-03 01:00:29.438716 UTC,229.26,229.4,1000,1300,1627942268920653751
2021-08-03 01:00:29.439167 UTC,229.26,229.4,1000,300,1627942268920653752
2021-08-03 01:00:29.439616 UTC,229.26,229.4,1000,1300,1627942268920653755
2021-08-03 01:00:29.439591 UTC,229.26,229.4,1000,300,1627942268920653754
2021-08-03 01:00:30.512481 UTC,229.26,229.42,1000,1000,1627942268920653770
2021-08-03 01:00:30.742559 UTC,229.26,229.45,1000,1000,1627942268920653772
2021-08-03 01:00:30.613087 UTC,229.26,229.4,1000,300,1627942268920653771
2021-08-03 01:00:32.026485 UTC,229.26,229.4,1000,1300,1627942268920653799
2021-08-03 01:00:32.026885 UTC,229.26,229.4,1000,300,1627942268920653800
2021-08-03 01:00:34.503605 UTC,229.25,229.4,1000,300,1627942268920653832
2021-08-03 01:00:34.503624 UTC,229.25,229.4,2000,300,1627942268920653833
2021-08-03 01:00:35.732553 UTC,229.25,229.43,2000,1000,1627942268920653857
2021-08-03 01:00:37.34683 UTC,229.25,229.45,2000,1000,1627942268920653859
2021-08-03 01:00:35.833369 UTC,229.25,229.4,2000,300,1627942268920653858
2021-08-03 01:00:39.010405 UTC,229.25,229.4,1000,300,1627942268920653873
2021-08-03 01:00:39.610792 UTC,229.25,229.4,2000,300,1627942268920653880
2021-08-03 01:00:40.579922 UTC,229.25,229.4,1000,300,1627942268920653897
2021-08-03 01:00:40.579944 UTC,229.26,229.4,1000,300,1627942268920653898
2021-08-03 01:00:41.002084 UTC,229.26,229.43,1000,1000,1627942268920653901
2021-08-03 01:00:41.003096 UTC,229.26,229.45,1000,1000,1627942268920653902
2021-08-03 01:00:41.003132 UTC,229.26,229.44,1000,1000,1627942268920653903
2021-08-03 01:00:41.010446 UTC,229.26,229.45,1000,1000,1627942268920653904
2021-08-03 01:00:41.111377 UTC,229.26,229.4,1000,300,1627942268920653906
2021-08-03 01:00:44.451681 UTC,229.25,229.4,1000,300,1627942268920653925
2021-08-03 01:00:44.451702 UTC,229.27,229.4,1000,300,1627942268920653926
2021-08-03 01:00:49.001025 UTC,229.25,229.4,1000,300,1627942268920653935
2021-08-03 01:00:49.001042 UTC,229.26,229.4,1000,300,1627942268920653936
2021-08-03 01:00:49.209888 UTC,229.25,229.4,1000,300,1627942268920653939
2021-08-03 01:00:49.209908 UTC,229.27,229.4,1000,300,1627942268920653940
2021-08-03 01:00:49.514643 UTC,229.25,229.4,1000,300,1627942268920653941
2021-08-03 01:00:49.514664 UTC,229.26,229.4,1000,300,1627942268920653942
2021-08-03 01:00:50.997516 UTC,229.26,230.2,1000,300,1627942268920653949
2021-08-03 01:00:50.99739 UTC,229.26,229.4,1000,1000,1627942268920653948
2021-08-03 01:00:50.998768 UTC,229.26,230.2,1000,300,1627942268920653950
2021-08-03 01:00:50.998787 UTC,229.26,229.41,1000,1000,1627942268920653951
2021-08-03 01:00:50.999274 UTC,229.26,230.2,1000,300,1627942268920653952
2021-08-03 01:00:51.099835 UTC,229.26,229.4,1000,300,1627942268920653954
2021-08-03 01:00:55.18866 UTC,229.25,229.4,1000,300,1627942268920653985
2021-08-03 01:00:55.188679 UTC,229.25,229.4,2000,300,1627942268920653986
2021-08-03 01:00:55.189112 UTC,229.25,229.4,1000,300,1627942268920653987
2021-08-03 01:00:55.189154 UTC,229.26,229.4,1000,300,1627942268920653988
2021-08-03 01:00:56.611825 UTC,229.26,229.41,1000,1000,1627942268920653997
2021-08-03 01:00:56.712505 UTC,229.26,229.4,1000,300,1627942268920653998
2021-08-03 01:00:58.51056 UTC,229.25,229.4,1000,300,1627942268920654011
2021-08-03 01:00:58.510577 UTC,229.25,229.4,2000,300,1627942268920654012
2021-08-03 01:01:00.285358 UTC,229.25,229.4,1000,300,1627942268920654023
2021-08-03 01:01:00.285376 UTC,229.26,229.4,1000,300,1627942268920654024
2021-08-03 01:01:00.995092 UTC,229.25,229.4,1000,300,1627942268920654031
2021-08-03 01:01:00.995116 UTC,229.25,229.4,2000,300,1627942268920654032
2021-08-03 01:01:01.726741 UTC,229.25,229.4,2000,1300,1627942268920654054
2021-08-03 01:01:01.726845 UTC,229.25,229.4,2000,1000,1627942268920654055
2021-08-03 01:01:01.827769 UTC,229.25,229.4,2000,1300,1627942268920654056
2021-08-03 01:01:02.018941 UTC,229.25,229.4,2000,300,1627942268920654059
2021-08-03 01:01:02.222754 UTC,229.25,229.4,2000,1300,1627942268920654062
2021-08-03 01:01:02.849908 UTC,229.25,229.4,2000,300,1627942268920654066
2021-08-03 01:01:02.849945 UTC,229.25,229.39,2000,1000,1627942268920654067
2021-08-03 01:01:02.992782 UTC,229.25,229.4,2000,300,1627942268920654069
2021-08-03 01:01:02.992803 UTC,229.25,229.4,2000,1300,1627942268920654070
2021-08-03 01:01:03.106027 UTC,229.25,229.4,2000,300,1627942268920654079
2021-08-03 01:01:03.106047 UTC,229.25,229.39,2000,1000,1627942268920654080
2021-08-03 01:01:03.138832 UTC,229.25,229.4,2000,300,1627942268920654083
2021-08-03 01:01:03.138851 UTC,229.25,229.38,2000,1000,1627942268920654084
2021-08-03 01:01:07.199707 UTC,229.25,229.4,2000,300,1627942268920654104
2021-08-03 01:01:07.199845 UTC,229.25,230.2,2000,300,1627942268920654106
2021-08-03 01:01:07.199728 UTC,229.25,229.37,2000,1000,1627942268920654105
2021-08-03 01:01:34.285775 UTC,229.25,229.4,2000,300,1627942268920654213
2021-08-03 01:01:34.285795 UTC,229.25,229.38,2000,1000,1627942268920654214
2021-08-03 01:01:35.59494 UTC,229.25,229.4,2000,300,1627942268920654216
2021-08-03 01:01:35.59497 UTC,229.25,229.39,2000,1000,1627942268920654217
2021-08-03 01:01:35.635129 UTC,229.25,230.2,2000,300,1627942268920654219
2021-08-03 01:01:35.736278 UTC,229.25,229.4,2000,300,1627942268920654221
2021-08-03 01:01:35.635146 UTC,229.25,229.4,2000,1300,1627942268920654220
2021-08-03 01:01:36.515286 UTC,229.25,229.39,2000,1000,1627942268920654223
2021-08-03 01:01:36.515256 UTC,229.25,229.4,2000,1300,1627942268920654222
2021-08-03 01:01:37.007904 UTC,229.25,229.4,2000,300,1627942268920654231
2021-08-03 01:01:37.007933 UTC,229.25,229.39,2000,1000,1627942268920654232
2021-08-03 01:01:40.537383 UTC,229.25,229.4,2000,300,1627942268920654234
2021-08-03 01:01:40.537401 UTC,229.25,229.4,2000,1300,1627942268920654235
2021-08-03 01:01:41.006986 UTC,229.25,229.4,2000,300,1627942268920654237
2021-08-03 01:01:41.007002 UTC,229.25,229.38,2000,1000,1627942268920654238
2021-08-03 01:01:42.0058 UTC,229.25,229.37,2000,1000,1627942268920654249
2021-08-03 01:01:42.005781 UTC,229.25,229.38,2000,1000,1627942268920654248
2021-08-03 01:01:45.617948 UTC,229.25,229.36,2000,1000,1627942268920654264
2021-08-03 01:01:57.308795 UTC,229.25,229.36,1000,1000,1627942268920654350
2021-08-03 01:02:07.650597 UTC,229.25,229.36,2000,1000,1627942268920654413
2021-08-03 01:02:07.652004 UTC,229.25,229.36,1000,1000,1627942268920654418
2021-08-03 01:02:07.652443 UTC,229.25,229.36,2000,1000,1627942268920654423
2021-08-03 01:02:07.652807 UTC,229.25,229.36,1000,1000,1627942268920654426
2021-08-03 01:02:07.65324 UTC,229.25,229.36,2000,1000,1627942268920654431
2021-08-03 01:02:07.653196 UTC,229.25,229.36,1000,1000,1627942268920654430
2021-08-03 01:02:07.937425 UTC,229.26,229.36,1000,1000,1627942268920654437
2021-08-03 01:02:08.01169 UTC,229.25,229.36,1000,1000,1627942268920654440
2021-08-03 01:02:08.011707 UTC,229.27,229.36,1000,1000,1627942268920654441
2021-08-03 01:02:11.918138 UTC,229.25,229.36,2000,1000,1627942268920654490
2021-08-03 01:02:11.918157 UTC,229.26,229.36,1000,1000,1627942268920654491
2021-08-03 01:02:11.918652 UTC,229.25,229.36,2000,1000,1627942268920654494
2021-08-03 01:02:11.919045 UTC,229.25,229.36,1000,1000,1627942268920654498
2021-08-03 01:02:11.919064 UTC,229.26,229.36,1000,1000,1627942268920654499
2021-08-03 01:02:12.003155 UTC,229.25,229.36,1000,1000,1627942268920654508
2021-08-03 01:02:12.003174 UTC,229.28,229.36,1000,1000,1627942268920654509
2021-08-03 01:02:12.18324 UTC,229.25,229.36,1000,1000,1627942268920654516
2021-08-03 01:02:12.18326 UTC,229.27,229.36,1000,1000,1627942268920654517
2021-08-03 01:02:18.93963 UTC,229.25,229.36,1000,1000,1627942268920654542
2021-08-03 01:02:18.939631 UTC,229.28,229.36,1000,1000,1627942268920654543
2021-08-03 01:02:21.709737 UTC,229.25,229.36,1000,1000,1627942268920654544
2021-08-03 01:02:21.709755 UTC,229.29,229.36,1000,1000,1627942268920654545
2021-08-03 01:02:22.209609 UTC,229.25,229.36,1000,1000,1627942268920654548
2021-08-03 01:02:22.209631 UTC,229.28,229.36,1000,1000,1627942268920654549
2021-08-03 01:02:23.518785 UTC,229.25,229.36,1000,1000,1627942268920654551
2021-08-03 01:02:23.518801 UTC,229.29,229.36,1000,1000,1627942268920654552
2021-08-03 01:02:23.520181 UTC,229.25,229.36,1000,1000,1627942268920654555
2021-08-03 01:02:23.520196 UTC,229.28,229.36,1000,1000,1627942268920654556
2021-08-03 01:02:23.520583 UTC,229.29,229.36,1000,1000,1627942268920654558
2021-08-03 01:02:23.52094 UTC,229.28,229.36,1000,1000,1627942268920654559
2021-08-03 01:02:23.897041 UTC,229.25,229.36,1000,1000,1627942268920654570
2021-08-03 01:02:23.897082 UTC,229.29,229.36,1000,1000,1627942268920654571
2021-08-03 01:02:26.214434 UTC,229.25,229.36,1000,1000,1627942268920654576
2021-08-03 01:02:26.214453 UTC,229.28,229.36,1000,1000,1627942268920654577
2021-08-03 01:02:26.545262 UTC,229.25,229.36,1000,1000,1627942268920654578
2021-08-03 01:02:26.545282 UTC,229.29,229.36,1000,1000,1627942268920654579
2021-08-03 01:02:35.009003 UTC,229.25,229.36,1000,1000,1627942268920654587
2021-08-03 01:02:35.009024 UTC,229.28,229.36,1000,1000,1627942268920654588
2021-08-03 01:02:39.005229 UTC,229.25,229.36,1000,1000,1627942268920654589
2021-08-03 01:02:39.005248 UTC,229.29,229.36,1000,1000,1627942268920654590
2021-08-03 01:02:39.006729 UTC,229.25,229.36,1000,1000,1627942268920654592
2021-08-03 01:02:39.006749 UTC,229.28,229.36,1000,1000,1627942268920654593
2021-08-03 01:02:39.007141 UTC,229.25,229.36,1000,1000,1627942268920654594
2021-08-03 01:02:39.007169 UTC,229.29,229.36,1000,1000,1627942268920654595
2021-08-03 01:02:42.016942 UTC,229.25,229.36,1000,1000,1627942268920654597
2021-08-03 01:02:42.016962 UTC,229.28,229.36,1000,1000,1627942268920654598
2021-08-03 01:02:44.174469 UTC,229.25,229.36,1000,1000,1627942268920654599
2021-08-03 01:02:44.174488 UTC,229.27,229.36,1000,1000,1627942268920654600
2021-08-03 01:02:50.537478 UTC,229.25,229.36,1000,1000,1627942268920654603
2021-08-03 01:02:50.537497 UTC,229.28,229.36,1000,1000,1627942268920654604
2021-08-03 01:02:50.538469 UTC,229.25,229.36,1000,1000,1627942268920654606
2021-08-03 01:02:50.538488 UTC,229.27,229.36,1000,1000,1627942268920654607
2021-08-03 01:02:50.944178 UTC,229.25,229.36,1000,1000,1627942268920654609
2021-08-03 01:02:50.944198 UTC,229.28,229.36,1000,1000,1627942268920654610
2021-08-03 01:02:59.719643 UTC,229.25,229.36,1000,1000,1627942268920654618
2021-08-03 01:02:59.719664 UTC,229.29,229.36,1000,1000,1627942268920654619
2021-08-03 01:03:01.944918 UTC,229.25,229.36,1000,1000,1627942268920654623
2021-08-03 01:03:01.944946 UTC,229.28,229.36,1000,1000,1627942268920654624
2021-08-03 01:03:02.790945 UTC,229.25,229.36,1000,1000,1627942268920654629
2021-08-03 01:03:02.790962 UTC,229.27,229.36,1000,1000,1627942268920654630
2021-08-03 01:03:02.791315 UTC,229.25,229.36,1000,1000,1627942268920654631
2021-08-03 01:03:02.791331 UTC,229.28,229.36,1000,1000,1627942268920654632
2021-08-03 01:03:07.907587 UTC,229.25,229.36,1000,1000,1627942268920654639
2021-08-03 01:03:07.907607 UTC,229.29,229.36,1000,1000,1627942268920654640
2021-08-03 01:03:08.794482 UTC,229.25,229.36,1000,1000,1627942268920654641
2021-08-03 01:03:08.794501 UTC,229.3,229.36,1000,1000,1627942268920654642
2021-08-03 01:03:13.521034 UTC,229.25,229.36,1000,1000,1627942268920654644
2021-08-03 01:03:13.521066 UTC,229.29,229.36,1000,1000,1627942268920654645
2021-08-03 01:03:13.567779 UTC,229.25,229.36,1000,1000,1627942268920654647
2021-08-03 01:03:13.567798 UTC,229.28,229.36,1000,1000,1627942268920654648
2021-08-03 01:03:13.568132 UTC,229.25,229.36,1000,1000,1627942268920654649
2021-08-03 01:03:13.568152 UTC,229.29,229.36,1000,1000,1627942268920654650
2021-08-03 01:03:18.330582 UTC,229.25,229.36,1000,1000,1627942268920654664
2021-08-03 01:03:18.3306 UTC,229.3,229.36,1000,1000,1627942268920654665
2021-08-03 01:03:19.990607 UTC,229.25,229.36,1000,1000,1627942268920654666
2021-08-03 01:03:20.271362 UTC,229.28,229.36,1000,1000,1627942268920654670
2021-08-03 01:03:20.547288 UTC,229.29,229.36,1000,1000,1627942268920654674
2021-08-03 01:03:20.547269 UTC,229.28,229.36,1000,1000,1627942268920654673
2021-08-03 01:03:24.324843 UTC,229.3,229.36,1000,1000,1627942268920654683
2021-08-03 01:03:26.58727 UTC,229.28,229.36,1000,1000,1627942268920654690
2021-08-03 01:03:26.587287 UTC,229.29,229.36,1000,1000,1627942268920654691
2021-08-03 01:03:28.302325 UTC,229.28,229.36,1000,1000,1627942268920654695
2021-08-03 01:03:29.052653 UTC,229.29,229.36,1000,1000,1627942268920654699
2021-08-03 01:03:29.052616 UTC,229.28,229.36,1000,1000,1627942268920654698
2021-08-03 01:03:32.198899 UTC,229.25,229.36,1000,1000,1627942268920654703
2021-08-03 01:03:33.502345 UTC,229.27,229.36,1000,1000,1627942268920654708
2021-08-03 01:03:37.515272 UTC,229.25,229.36,1000,1000,1627942268920654709
2021-08-03 01:03:37.515291 UTC,229.26,229.36,1000,1000,1627942268920654710
2021-08-03 01:03:43.426758 UTC,229.25,229.36,1000,1000,1627942268920654713
2021-08-03 01:03:43.426777 UTC,229.25,229.36,2000,1000,1627942268920654714
2021-08-03 01:03:45.608765 UTC,229.25,229.36,1000,1000,1627942268920654724
2021-08-03 01:03:57.511665 UTC,229.25,229.36,2000,1000,1627942268920654789
2021-08-03 01:03:58.523971 UTC,229.26,229.36,1000,1000,1627942268920654797
2021-08-03 01:03:58.523951 UTC,229.25,229.36,2000,1000,1627942268920654796
2021-08-03 01:04:01.517245 UTC,229.25,229.36,1000,1000,1627942268920654826
2021-08-03 01:04:01.517264 UTC,229.26,229.36,1000,1000,1627942268920654827
2021-08-03 01:04:01.610839 UTC,229.25,229.36,1000,1000,1627942268920654842
2021-08-03 01:04:01.610857 UTC,229.27,229.36,1000,1000,1627942268920654843
2021-08-03 01:04:01.693028 UTC,229.25,229.36,1000,1000,1627942268920654850
2021-08-03 01:04:01.693048 UTC,229.26,229.36,1000,1000,1627942268920654851
2021-08-03 01:04:01.823746 UTC,229.25,229.36,1000,1000,1627942268920654861
2021-08-03 01:04:01.823765 UTC,229.25,229.36,2000,1000,1627942268920654862
2021-08-03 01:04:01.925839 UTC,229.25,229.36,1000,1000,1627942268920654866
2021-08-03 01:05:25.518199 UTC,229.25,229.4,1000,1600,1627942268920655150
2021-08-03 01:05:25.518217 UTC,229.25,229.37,1000,1000,1627942268920655151
2021-08-03 01:05:28.73207 UTC,229.25,229.4,1000,1900,1627942268920655160
2021-08-03 01:05:28.73209 UTC,229.25,229.36,1000,1000,1627942268920655161
2021-08-03 01:05:35.517283 UTC,229.25,229.4,1000,1900,1627942268920655162
2021-08-03 01:05:35.517419 UTC,229.25,229.4,1000,1600,1627942268920655164
2021-08-03 01:05:35.517299 UTC,229.25,229.35,1000,1000,1627942268920655163
2021-08-03 01:05:37.69875 UTC,229.25,229.4,1000,1900,1627942268920655166
2021-08-03 01:05:37.698771 UTC,229.25,229.36,1000,1000,1627942268920655167
2021-08-03 01:05:40.353185 UTC,229.25,229.4,1000,1900,1627942268920655177
2021-08-03 01:05:40.353216 UTC,229.25,229.37,1000,1000,1627942268920655178
2021-08-03 01:05:40.353626 UTC,229.25,229.4,1000,1900,1627942268920655179
2021-08-03 01:05:40.35365 UTC,229.25,229.36,1000,1000,1627942268920655180
2021-08-03 01:05:40.829017 UTC,229.25,229.4,1000,1900,1627942268920655181
2021-08-03 01:05:40.829148 UTC,229.25,229.4,1000,1600,1627942268920655183
2021-08-03 01:05:40.829035 UTC,229.25,229.37,1000,1000,1627942268920655182
2021-08-03 01:05:47.444427 UTC,229.25,229.4,1000,1900,1627942268920655185
2021-08-03 01:05:47.44447 UTC,229.25,229.36,1000,1000,1627942268920655186
2021-08-03 01:06:02.630895 UTC,229.25,229.4,1000,1900,1627942268920655209
2021-08-03 01:06:02.630915 UTC,229.25,229.35,1000,1000,1627942268920655210
2021-08-03 01:06:35.528176 UTC,229.25,229.4,1000,1900,1627942268920655217
2021-08-03 01:06:35.528196 UTC,229.25,229.34,1000,1000,1627942268920655218
2021-08-03 01:06:46.4187 UTC,229.25,229.4,1000,1900,1627942268920655224
2021-08-03 01:06:46.418718 UTC,229.25,229.33,1000,1000,1627942268920655225
2021-08-03 01:06:46.440651 UTC,229.25,229.4,1000,1900,1627942268920655228
2021-08-03 01:06:46.440677 UTC,229.25,229.32,1000,1000,1627942268920655229
2021-08-03 01:06:46.440999 UTC,229.25,229.4,1000,1600,1627942268920655231
2021-08-03 01:06:46.441017 UTC,229.25,229.31,1000,1000,1627942268920655232
2021-08-03 01:06:46.442121 UTC,229.25,229.4,1000,1600,1627942268920655235
2021-08-03 01:06:46.442145 UTC,229.25,229.34,1000,1000,1627942268920655236
2021-08-03 01:06:46.44261 UTC,229.25,229.33,1000,1000,1627942268920655238
2021-08-03 01:06:46.555473 UTC,229.25,229.34,1000,1000,1627942268920655244
2021-08-03 01:06:46.555492 UTC,229.25,229.31,1000,1000,1627942268920655245
2021-08-03 01:06:46.557061 UTC,229.25,229.34,1000,1000,1627942268920655252
2021-08-03 01:06:46.55708 UTC,229.25,229.32,1000,1000,1627942268920655253
2021-08-03 01:06:46.558927 UTC,229.25,229.34,1000,1000,1627942268920655254
2021-08-03 01:06:46.558946 UTC,229.25,229.33,1000,1000,1627942268920655255
2021-08-03 01:06:46.73373 UTC,229.25,229.34,1000,1000,1627942268920655265
2021-08-03 01:06:55.2914 UTC,229.25,229.29,1000,1000,1627942268920655271
2021-08-03 01:06:55.392052 UTC,229.25,229.2,1000,300,1627942268920655273
2021-08-03 01:06:55.521126 UTC,229.25,229.29,1000,1000,1627942268920655276
2021-08-03 01:06:55.521586 UTC,229.25,229.34,1000,1000,1627942268920655277
2021-08-03 01:06:55.521605 UTC,229.25,229.28,1000,1000,1627942268920655278
2021-08-03 01:06:55.622531 UTC,229.25,229.2,1000,300,1627942268920655279
2021-08-03 01:07:25.254739 UTC,229.25,229.28,1000,1000,1627942268920655334
2021-08-03 01:07:26.51132 UTC,229.25,229.34,1000,1000,1627942268920655338
2021-08-03 01:07:26.51134 UTC,229.25,229.29,1000,1000,1627942268920655339
2021-08-03 01:07:31.312664 UTC,229.25,229.2,1000,300,1627942268920655347
2021-08-03 01:07:31.892629 UTC,229.25,229.29,1000,1000,1627942268920655349
2021-08-03 01:07:32.394547 UTC,229.25,229.34,1000,1000,1627942268920655350
2021-08-03 01:07:32.394566 UTC,229.25,229.3,1000,1000,1627942268920655351
2021-08-03 01:07:32.488053 UTC,229.25,229.34,1000,1000,1627942268920655356
2021-08-03 01:07:32.488097 UTC,229.25,229.31,1000,1000,1627942268920655357
2021-08-03 01:07:43.011315 UTC,229.25,229.34,1000,1000,1627942268920655359
2021-08-03 01:07:43.011331 UTC,229.25,229.32,1000,1000,1627942268920655360
2021-08-03 01:07:43.01168 UTC,229.25,229.34,1000,1000,1627942268920655362
2021-08-03 01:07:43.011698 UTC,229.25,229.31,1000,1000,1627942268920655363
2021-08-03 01:07:43.258465 UTC,229.25,229.34,1000,1000,1627942268920655365
2021-08-03 01:07:43.258481 UTC,229.25,229.32,1000,1000,1627942268920655366
2021-08-03 01:07:56.462829 UTC,229.25,229.34,1000,1000,1627942268920655371
2021-08-03 01:07:56.46285 UTC,229.25,229.31,1000,1000,1627942268920655372
2021-08-03 01:07:59.562381 UTC,229.25,229.34,1000,1000,1627942268920655379
2021-08-03 01:07:59.562404 UTC,229.25,229.3,1000,1000,1627942268920655380
2021-08-03 01:07:59.679669 UTC,229.25,229.34,1000,1000,1627942268920655381
2021-08-03 01:07:59.679693 UTC,229.25,229.31,1000,1000,1627942268920655382
2021-08-03 01:08:01.598538 UTC,229.25,229.34,1000,1000,1627942268920655383
2021-08-03 01:08:01.598576 UTC,229.25,229.32,1000,1000,1627942268920655384
2021-08-03 01:08:01.598962 UTC,229.25,229.34,1000,1000,1627942268920655386
2021-08-03 01:08:01.598994 UTC,229.25,229.31,1000,1000,1627942268920655387
2021-08-03 01:08:01.599309 UTC,229.25,229.34,1000,1000,1627942268920655388
2021-08-03 01:08:01.599327 UTC,229.25,229.32,1000,1000,1627942268920655389
2021-08-03 01:08:01.599707 UTC,229.25,229.34,1000,1000,1627942268920655390
2021-08-03 01:08:01.599748 UTC,229.25,229.31,1000,1000,1627942268920655391
2021-08-03 01:08:01.601859 UTC,229.25,229.34,1000,1000,1627942268920655392
2021-08-03 01:08:01.601909 UTC,229.25,229.3,1000,1000,1627942268920655393
2021-08-03 01:11:22.168666 UTC,229.25,229.34,1000,1000,1627942268920655598
2021-08-03 01:11:22.168685 UTC,229.25,229.31,1000,1000,1627942268920655599
2021-08-03 01:11:23.900202 UTC,229.25,229.34,1000,1000,1627942268920655602
2021-08-03 01:11:23.900224 UTC,229.25,229.3,1000,1000,1627942268920655603
2021-08-03 01:11:30.042065 UTC,229.25,229.34,1000,1000,1627942268920655606
2021-08-03 01:11:30.04208 UTC,229.25,229.29,1000,1000,1627942268920655607
2021-08-03 01:11:33.379517 UTC,229.25,229.2,1000,300,1627942268920655612
2021-08-03 01:11:53.928931 UTC,229.25,229.29,1000,1000,1627942268920655629
2021-08-03 01:11:54.022356 UTC,229.25,229.34,1000,1000,1627942268920655630
2021-08-03 01:11:54.022375 UTC,229.25,229.28,1000,1000,1627942268920655631
2021-08-03 01:11:54.123762 UTC,229.25,229.2,1000,300,1627942268920655633
2021-08-03 01:11:55.616034 UTC,229.25,229.28,1000,1000,1627942268920655634
2021-08-03 01:11:56.001259 UTC,229.25,229.2,1000,300,1627942268920655636
2021-08-03 01:12:03.384449 UTC,229.25,229.28,1000,1000,1627942268920655637
2021-08-03 01:12:09.703925 UTC,229.25,229.34,1000,1000,1627942268920655638
2021-08-03 01:12:09.703943 UTC,229.25,229.27,1000,1000,1627942268920655639
2021-08-03 01:12:11.22995 UTC,229.25,229.34,1000,1000,1627942268920655642
2021-08-03 01:12:11.229972 UTC,229.25,229.28,1000,1000,1627942268920655643
2021-08-03 01:12:12.229163 UTC,229.25,229.34,1000,1000,1627942268920655644
2021-08-03 01:12:12.229184 UTC,229.25,229.29,1000,1000,1627942268920655645
2021-08-03 01:12:14.70026 UTC,229.25,229.34,1000,1000,1627942268920655654
2021-08-03 01:12:14.700281 UTC,229.25,229.3,1000,1000,1627942268920655655
2021-08-03 01:12:14.700629 UTC,229.25,229.34,1000,1000,1627942268920655656
2021-08-03 01:12:14.700653 UTC,229.25,229.29,1000,1000,1627942268920655657
2021-08-03 01:12:46.562786 UTC,229.25,229.2,1000,300,1627942268920655670
2021-08-03 01:12:46.563531 UTC,229.25,229.29,1000,1000,1627942268920655671
2021-08-03 01:12:46.564038 UTC,229.25,229.34,1000,1000,1627942268920655672
2021-08-03 01:12:46.564056 UTC,229.25,229.28,1000,1000,1627942268920655673
2021-08-03 01:12:46.665099 UTC,229.25,229.2,1000,300,1627942268920655675
2021-08-03 01:12:46.690168 UTC,229.25,229.28,1000,1000,1627942268920655676
2021-08-03 01:12:47.29142 UTC,229.25,229.2,1000,300,1627942268920655678
2021-08-03 01:12:47.762126 UTC,229.25,229.2,1000,600,1627942268920655682
2021-08-03 01:12:49.154892 UTC,229.25,229.2,1000,300,1627942268920655683
2021-08-03 01:12:56.914408 UTC,229.25,229.2,1000,600,1627942268920655696
2021-08-03 01:12:58.057786 UTC,229.25,229.2,1000,300,1627942268920655697
2021-08-03 01:13:02.885797 UTC,229.25,229.2,1000,600,1627942268920655718
2021-08-03 01:13:03.535717 UTC,229.25,229.2,1000,300,1627942268920655719
2021-08-03 01:13:05.647457 UTC,229.25,229.2,1000,600,1627942268920655734
2021-08-03 01:13:06.531548 UTC,229.25,229.2,1000,300,1627942268920655735
2021-08-03 01:13:06.7409 UTC,229.25,229.2,1000,600,1627942268920655736
2021-08-03 01:13:06.953705 UTC,229.25,229.2,1000,300,1627942268920655737
2021-08-03 01:13:07.625497 UTC,229.25,229.2,1000,600,1627942268920655738
2021-08-03 01:13:08.105849 UTC,229.25,229.2,1000,300,1627942268920655739
2021-08-03 01:13:13.078198 UTC,229.25,229.2,1000,600,1627942268920655756
2021-08-03 01:13:16.64614 UTC,229.25,229.2,1000,300,1627942268920655757
2021-08-03 01:13:24.623815 UTC,229.25,229.2,1000,600,1627942268920655764
2021-08-03 01:13:25.66113 UTC,229.25,229.2,1000,300,1627942268920655765
2021-08-03 01:13:28.299087 UTC,229.25,229.2,1000,600,1627942268920655766
2021-08-03 01:13:30.304571 UTC,229.25,229.2,1000,300,1627942268920655767
2021-08-03 01:13:31.203719 UTC,229.25,229.2,1000,600,1627942268920655768
2021-08-03 01:13:45.46321 UTC,229.25,229.2,1000,300,1627942268920655769
2021-08-03 01:13:53.494111 UTC,229.25,229.2,1000,600,1627942268920655770
2021-08-03 01:14:02.028284 UTC,229.25,229.2,1000,300,1627942268920655771
2021-08-03 01:14:14.933652 UTC,229.25,229.2,1000,600,1627942268920655783
2021-08-03 01:14:15.365507 UTC,229.25,229.2,1000,300,1627942268920655784
2021-08-03 01:14:15.930507 UTC,229.25,229.2,1000,600,1627942268920655788
2021-08-03 01:14:16.06697 UTC,229.25,229.2,1000,300,1627942268920655789
2021-08-03 01:14:20.127289 UTC,229.25,229.2,1000,600,1627942268920655798
2021-08-03 01:14:21.539209 UTC,229.25,229.2,1000,300,1627942268920655799
2021-08-03 01:14:24.664194 UTC,229.25,229.2,1000,600,1627942268920655800
2021-08-03 01:15:20.677965 UTC,229.25,229.2,1000,900,1627942268920655874
2021-08-03 01:15:20.901418 UTC,229.25,229.2,1000,1200,1627942268920655876
2021-08-03 01:15:20.698871 UTC,229.25,229.2,1000,900,1627942268920655875
2021-08-03 01:15:21.043739 UTC,229.25,229.2,1000,600,1627942268920655877
2021-08-03 01:15:24.188275 UTC,229.25,229.2,1000,900,1627942268920655880
2021-08-03 01:15:24.673453 UTC,229.25,229.2,1000,600,1627942268920655881
2021-08-03 01:15:25.224363 UTC,229.25,229.2,1000,900,1627942268920655882
2021-08-03 01:15:25.536357 UTC,229.25,229.2,1000,600,1627942268920655883
2021-08-03 01:15:26.241574 UTC,229.25,229.2,1000,900,1627942268920655884
2021-08-03 01:15:27.146516 UTC,229.25,229.2,1000,1200,1627942268920655886
2021-08-03 01:15:26.634368 UTC,229.25,229.2,1000,900,1627942268920655885
2021-08-03 01:15:27.457911 UTC,229.25,229.2,1000,600,1627942268920655887
2021-08-03 01:15:50.32645 UTC,229.25,229.2,1000,900,1627942268920655960
2021-08-03 01:15:50.499775 UTC,229.25,229.2,1000,600,1627942268920655961
2021-08-03 01:15:50.663309 UTC,229.25,229.2,1000,900,1627942268920655964
2021-08-03 01:15:50.853311 UTC,229.25,229.2,1000,600,1627942268920655965
2021-08-03 01:15:51.1142 UTC,229.25,229.2,1000,900,1627942268920655968
2021-08-03 01:15:55.810734 UTC,229.25,229.2,1000,600,1627942268920655969
2021-08-03 01:15:56.161948 UTC,229.25,229.2,1000,900,1627942268920655970
2021-08-03 01:15:56.533042 UTC,229.25,229.2,1000,600,1627942268920655971
2021-08-03 01:15:57.035411 UTC,229.25,229.2,1000,900,1627942268920655972
2021-08-03 01:15:57.298333 UTC,229.25,229.2,1000,600,1627942268920655973
2021-08-03 01:15:57.594884 UTC,229.25,229.2,1000,900,1627942268920655974
2021-08-03 01:15:59.081429 UTC,229.25,229.2,1000,600,1627942268920655975
2021-08-03 01:15:59.640833 UTC,229.25,229.2,1000,900,1627942268920655976
2021-08-03 01:16:00.192569 UTC,229.25,229.2,1000,600,1627942268920655977
2021-08-03 01:16:01.079406 UTC,229.25,229.2,1000,900,1627942268920655978
2021-08-03 01:16:20.371263 UTC,229.25,229.2,1000,600,1627942268920656001
2021-08-03 01:16:20.799592 UTC,229.25,229.2,1000,900,1627942268920656009
2021-08-03 01:17:17.036514 UTC,229.25,229.2,1000,600,1627942268920656036
2021-08-03 01:17:19.170359 UTC,229.25,229.2,1000,900,1627942268920656044
2021-08-03 01:17:28.453474 UTC,229.25,229.2,1000,600,1627942268920656045
2021-08-03 01:17:28.625541 UTC,229.25,229.2,1000,900,1627942268920656051
2021-08-03 01:18:16.200391 UTC,229.25,229.2,1000,600,1627942268920656078
2021-08-03 01:18:16.370905 UTC,229.25,229.2,1000,900,1627942268920656081
2021-08-03 01:18:22.097933 UTC,229.25,229.2,1000,600,1627942268920656084
2021-08-03 01:18:23.643061 UTC,229.25,229.2,1000,900,1627942268920656086
2021-08-03 01:18:28.956632 UTC,229.25,229.2,1000,600,1627942268920656087
2021-08-03 01:20:12.89685 UTC,229.25,229.2,1000,900,1627942268920656185
2021-08-03 01:20:14.040604 UTC,229.25,229.2,1000,600,1627942268920656186
2021-08-03 01:20:14.342062 UTC,229.25,229.2,1000,900,1627942268920656188
2021-08-03 01:20:14.544362 UTC,229.25,229.2,1000,600,1627942268920656189
2021-08-03 01:20:15.141083 UTC,229.25,229.2,1000,900,1627942268920656192
2021-08-03 01:20:16.884791 UTC,229.25,229.2,1000,600,1627942268920656197
2021-08-03 01:20:16.99756 UTC,229.25,229.2,1000,900,1627942268920656198
2021-08-03 01:20:20.042609 UTC,229.25,229.2,1000,600,1627942268920656201
2021-08-03 01:20:21.15336 UTC,229.25,229.2,1000,900,1627942268920656210
2021-08-03 01:20:22.364157 UTC,229.25,229.2,1000,1200,1627942268920656212
2021-08-03 01:20:48.496158 UTC,229.25,229.2,1000,900,1627942268920656217
2021-08-03 01:21:56.842838 UTC,229.25,229.2,1000,1200,1627942268920656318
2021-08-03 01:25:01.975788 UTC,229.25,229.2,1000,900,1627942268920656410
2021-08-03 01:25:02.077205 UTC,229.25,229.2,1000,1200,1627942268920656419
2021-08-03 01:25:02.669693 UTC,229.19,229.2,2000,1200,1627942268920656433
2021-08-03 01:25:07.2361 UTC,229.19,229.2,2000,900,1627942268920656472
2021-08-03 01:25:07.33678 UTC,229.19,229.2,2000,1200,1627942268920656473
2021-08-03 01:25:17.566381 UTC,229.19,229.2,2000,900,1627942268920656482
2021-08-03 01:25:17.666843 UTC,229.19,229.2,2000,1200,1627942268920656483
2021-08-03 01:25:23.057464 UTC,229.19,229.2,2000,900,1627942268920656562
2021-08-03 01:25:23.158161 UTC,229.19,229.2,2000,1200,1627942268920656563
2021-08-03 01:25:43.995431 UTC,229.19,229.2,2000,900,1627942268920656576
2021-08-03 01:25:44.096324 UTC,229.19,229.2,2000,1200,1627942268920656577
2021-08-03 01:25:51.762067 UTC,229.19,229.2,2000,900,1627942268920656588
2021-08-03 01:25:51.862921 UTC,229.19,229.2,2000,1200,1627942268920656589
2021-08-03 01:26:12.575277 UTC,229.19,229.2,2000,900,1627942268920656622
2021-08-03 01:26:13.949651 UTC,229.19,229.2,2000,1200,1627942268920656633
2021-08-03 01:26:14.055527 UTC,229.19,229.2,2000,900,1627942268920656634
2021-08-03 01:26:15.655704 UTC,229.19,229.2,2000,1200,1627942268920656635
2021-08-03 01:26:15.770393 UTC,229.19,229.2,2000,900,1627942268920656636
2021-08-03 01:26:19.237452 UTC,229.19,229.2,2000,1200,1627942268920656637
2021-08-03 01:26:19.295471 UTC,229.19,229.2,2000,900,1627942268920656638
2021-08-03 01:26:29.123985 UTC,229.19,229.2,2000,1200,1627942268920656639
2021-08-03 01:26:31.651884 UTC,229.19,229.2,2000,900,1627942268920656642
2021-08-03 01:27:17.463279 UTC,229.19,229.2,2000,1200,1627942268920656703
2021-08-03 01:28:05.520072 UTC,229.19,229.2,2000,900,1627942268920656722
2021-08-03 01:28:05.622267 UTC,229.19,229.2,2000,1200,1627942268920656726
2021-08-03 01:28:12.563515 UTC,229.19,229.2,2000,900,1627942268920656760
2021-08-03 01:28:12.664445 UTC,229.19,229.2,2000,1200,1627942268920656762
2021-08-03 01:28:14.574263 UTC,229.19,229.2,2000,2200,1627942268920656770
2021-08-03 01:28:14.575648 UTC,229.19,229.2,2000,1200,1627942268920656772
2021-08-03 01:28:15.751057 UTC,229.19,229.2,2000,2200,1627942268920656798
2021-08-03 01:28:15.752377 UTC,229.19,229.2,2000,1200,1627942268920656799
2021-08-03 01:28:27.98947 UTC,229.19,229.2,2000,900,1627942268920656809
2021-08-03 01:28:28.091734 UTC,229.19,229.2,2000,1200,1627942268920656816
2021-08-03 01:28:36.420696 UTC,229.19,229.2,2000,900,1627942268920656819
2021-08-03 01:28:36.520915 UTC,229.19,229.2,2000,1200,1627942268920656820
2021-08-03 01:28:38.08242 UTC,229.19,229.2,2000,2200,1627942268920656828
2021-08-03 01:28:38.082739 UTC,229.19,229.2,2000,1200,1627942268920656830
2021-08-03 01:28:43.782179 UTC,229.19,229.2,2000,2200,1627942268920656848
2021-08-03 01:28:43.782619 UTC,229.19,229.2,2000,1200,1627942268920656849
2021-08-03 01:28:43.782737 UTC,229.19,229.2,2000,900,1627942268920656851
2021-08-03 01:28:43.883027 UTC,229.19,229.2,2000,1200,1627942268920656854
2021-08-03 01:28:57.060073 UTC,229.19,229.2,2000,2200,1627942268920656874
2021-08-03 01:28:57.060171 UTC,229.19,229.2,2000,1900,1627942268920656875
2021-08-03 01:28:57.060374 UTC,229.19,229.2,2000,900,1627942268920656876
2021-08-03 01:28:57.162564 UTC,229.19,229.2,2000,1200,1627942268920656884
2021-08-03 01:29:04.819254 UTC,229.19,229.2,2000,900,1627942268920656889
2021-08-03 01:29:04.920346 UTC,229.19,229.2,2000,1200,1627942268920656890
2021-08-03 01:29:10.301901 UTC,229.19,229.2,2000,900,1627942268920656895
2021-08-03 01:29:10.402612 UTC,229.19,229.2,2000,1200,1627942268920656896
2021-08-03 01:29:18.565233 UTC,229.19,229.2,2000,900,1627942268920656920
2021-08-03 01:29:18.666624 UTC,229.19,229.2,2000,1200,1627942268920656924
2021-08-03 01:29:26.489596 UTC,229.19,229.2,2000,900,1627942268920656966
2021-08-03 01:29:26.489484 UTC,229.19,229.2,2000,1900,1627942268920656965
2021-08-03 01:29:26.4909 UTC,229.19,229.2,2000,900,1627942268920656967
2021-08-03 01:29:26.60546 UTC,229.19,229.2,2000,1200,1627942268920656974
2021-08-03 01:29:26.87156 UTC,229.19,229.2,2000,2200,1627942268920656982
2021-08-03 01:29:27.021484 UTC,229.19,229.2,2000,1200,1627942268920656984
2021-08-03 01:29:40.060906 UTC,229.19,229.2,2000,2200,1627942268920656987
2021-08-03 01:29:40.060993 UTC,229.19,229.2,2000,1900,1627942268920656988
2021-08-03 01:29:40.16158 UTC,229.19,229.2,2000,2200,1627942268920656989
2021-08-03 01:29:43.084501 UTC,229.19,229.2,2000,1200,1627942268920656993
2021-08-03 01:29:43.224509 UTC,229.19,229.2,2000,2200,1627942268920656996
2021-08-03 01:29:47.51891 UTC,229.19,229.2,2000,1200,1627942268920656998
2021-08-03 01:29:47.520339 UTC,229.19,229.2,2000,900,1627942268920657002
2021-08-03 01:29:47.620736 UTC,229.19,229.2,2000,1200,1627942268920657003
2021-08-03 01:29:53.059403 UTC,229.19,229.2,2000,900,1627942268920657019
2021-08-03 01:29:53.15977 UTC,229.19,229.2,2000,1200,1627942268920657020
2021-08-03 01:30:01.076037 UTC,229.19,229.2,2000,2200,1627942268920657038
2021-08-03 01:30:01.076144 UTC,229.19,229.2,2000,1900,1627942268920657039
2021-08-03 01:30:01.07649 UTC,229.19,229.2,2000,900,1627942268920657040
2021-08-03 01:30:01.179544 UTC,229.19,229.2,2000,1200,1627942268920657044
2021-08-03 01:30:01.571805 UTC,229.19,229.2,2000,2200,1627942268920657048
2021-08-03 01:30:03.399601 UTC,229.19,229.2,2000,1200,1627942268920657059
2021-08-03 01:30:03.399618 UTC,229.18,229.19,1000,1000,1627942268920657060
2021-08-03 01:30:04.570066 UTC,229.18,229.2,1000,1200,1627942268920657063
2021-08-03 01:30:04.570085 UTC,229.16,229.18,1000,1000,1627942268920657064
2021-08-03 01:30:22.507777 UTC,229.16,229.2,1000,1200,1627942268920657076
2021-08-03 01:30:22.507918 UTC,229.16,229.2,1000,900,1627942268920657078
2021-08-03 01:30:22.507797 UTC,229.16,229.2,1000,1900,1627942268920657077
2021-08-03 01:30:22.608358 UTC,229.16,229.2,1000,2200,1627942268920657082
2021-08-03 01:30:32.898918 UTC,229.16,229.2,1000,1200,1627942268920657094
2021-08-03 01:30:32.898938 UTC,229.16,229.19,1000,1000,1627942268920657095
2021-08-03 01:30:38.565197 UTC,229.16,229.2,1000,1200,1627942268920657096
2021-08-03 01:30:38.565215 UTC,229.16,229.2,1000,2200,1627942268920657097
2021-08-03 01:30:38.565318 UTC,229.16,229.2,1000,1900,1627942268920657098
2021-08-03 01:30:38.565542 UTC,229.16,229.2,1000,900,1627942268920657099
2021-08-03 01:30:38.565562 UTC,229.16,229.19,1000,1000,1627942268920657100
2021-08-03 01:30:43.720192 UTC,229.16,229.2,1000,1200,1627942268920657102
2021-08-03 01:30:43.721491 UTC,229.16,229.2,1000,900,1627942268920657106
2021-08-03 01:30:43.721395 UTC,229.16,229.2,1000,1900,1627942268920657105
2021-08-03 01:30:43.741963 UTC,229.16,229.2,1000,900,1627942268920657107
2021-08-03 01:30:43.74198 UTC,229.16,229.19,1000,1000,1627942268920657108
2021-08-03 01:30:43.967065 UTC,229.16,229.2,1000,1200,1627942268920657114
2021-08-03 01:30:43.967106 UTC,229.16,229.2,1000,2200,1627942268920657115
2021-08-03 01:30:44.22969 UTC,229.16,229.2,1000,1200,1627942268920657122
2021-08-03 01:30:44.231131 UTC,229.16,229.2,1000,2200,1627942268920657125
2021-08-03 01:30:44.569899 UTC,229.16,229.2,1000,1200,1627942268920657126
2021-08-03 01:30:44.570203 UTC,229.16,229.2,1000,2200,1627942268920657129
2021-08-03 01:30:45.40137 UTC,229.16,229.2,1000,1200,1627942268920657130
2021-08-03 01:30:45.402717 UTC,229.16,229.2,1000,2200,1627942268920657133
2021-08-03 01:30:45.56991 UTC,229.16,229.2,1000,1200,1627942268920657134
2021-08-03 01:30:45.573066 UTC,229.16,229.2,1000,2200,1627942268920657137
2021-08-03 01:30:48.646859 UTC,229.16,229.2,1000,1200,1627942268920657139
2021-08-03 01:30:48.648344 UTC,229.16,229.2,1000,2200,1627942268920657144
2021-08-03 01:30:48.977661 UTC,229.16,229.2,1000,1900,1627942268920657147
2021-08-03 01:30:49.078182 UTC,229.16,229.2,1000,2200,1627942268920657148
2021-08-03 01:30:50.210642 UTC,229.16,229.2,1000,1200,1627942268920657149
2021-08-03 01:30:50.44162 UTC,229.16,229.2,1000,2200,1627942268920657156
2021-08-03 01:30:50.550785 UTC,229.16,229.2,1000,1200,1627942268920657157
2021-08-03 01:30:50.558973 UTC,229.16,229.2,1000,2200,1627942268920657160
2021-08-03 01:30:51.067082 UTC,229.16,229.2,1000,1200,1627942268920657161
2021-08-03 01:30:51.068546 UTC,229.16,229.2,1000,2200,1627942268920657164
2021-08-03 01:31:09.274094 UTC,229.16,229.2,1000,1200,1627942268920657172
2021-08-03 01:31:09.274123 UTC,229.16,229.19,1000,1000,1627942268920657173
2021-08-03 01:31:09.29769 UTC,229.16,229.2,1000,900,1627942268920657180
2021-08-03 01:31:09.297707 UTC,229.16,229.2,1000,1900,1627942268920657181
2021-08-03 01:31:09.298082 UTC,229.16,229.2,1000,900,1627942268920657184
2021-08-03 01:31:09.298098 UTC,229.16,229.19,1000,1000,1627942268920657185
2021-08-03 01:31:14.542365 UTC,229.16,229.2,1000,1200,1627942268920657204
2021-08-03 01:31:14.542384 UTC,229.16,229.2,1000,2200,1627942268920657205
2021-08-03 01:31:24.520284 UTC,229.16,229.2,1000,1200,1627942268920657214
2021-08-03 01:31:24.520319 UTC,229.16,229.19,1000,1000,1627942268920657215
2021-08-03 01:31:28.80465 UTC,229.16,229.2,1000,1200,1627942268920657228
2021-08-03 01:31:28.804671 UTC,229.16,229.2,1000,2200,1627942268920657229
2021-08-03 01:31:28.804957 UTC,229.16,229.2,1000,1200,1627942268920657230
2021-08-03 01:31:28.804977 UTC,229.16,229.19,1000,1000,1627942268920657231
2021-08-03 01:31:29.044128 UTC,229.16,229.2,1000,1200,1627942268920657232
2021-08-03 01:31:29.044144 UTC,229.16,229.2,1000,2200,1627942268920657233
2021-08-03 01:31:37.116238 UTC,229.16,229.2,1000,1200,1627942268920657252
2021-08-03 01:31:37.116257 UTC,229.16,229.19,1000,1000,1627942268920657253
2021-08-03 01:31:37.117632 UTC,229.16,229.2,1000,900,1627942268920657255
2021-08-03 01:31:37.117655 UTC,229.16,229.2,1000,1900,1627942268920657256
2021-08-03 01:31:37.117949 UTC,229.16,229.2,1000,900,1627942268920657257
2021-08-03 01:31:37.117969 UTC,229.16,229.19,1000,1000,1627942268920657258
2021-08-03 01:31:43.650482 UTC,229.16,229.2,1000,1200,1627942268920657260
2021-08-03 01:31:43.650483 UTC,229.16,229.2,1000,2200,1627942268920657261
2021-08-03 01:31:44.468334 UTC,229.16,229.2,1000,1200,1627942268920657262
2021-08-03 01:31:44.46846 UTC,229.16,229.2,1000,900,1627942268920657264
2021-08-03 01:31:44.568972 UTC,229.16,229.2,1000,1200,1627942268920657268
2021-08-03 01:31:46.195242 UTC,229.16,229.2,1000,2200,1627942268920657275
2021-08-03 01:31:46.196672 UTC,229.16,229.2,1000,1200,1627942268920657276
2021-08-03 01:31:48.08208 UTC,229.16,229.2,1000,2200,1627942268920657287
2021-08-03 01:31:50.07232 UTC,229.16,229.2,1000,1200,1627942268920657292
2021-08-03 01:31:50.072452 UTC,229.16,229.2,1000,900,1627942268920657294
2021-08-03 01:31:50.072799 UTC,229.16,229.2,1000,1900,1627942268920657296
2021-08-03 01:31:50.304682 UTC,229.16,229.2,1000,900,1627942268920657298
2021-08-03 01:31:50.173692 UTC,229.16,229.2,1000,1200,1627942268920657297
2021-08-03 01:31:55.288452 UTC,229.16,229.2,1000,900,1627942268920657333
2021-08-03 01:31:55.389387 UTC,229.16,229.2,1000,1200,1627942268920657334
2021-08-03 01:32:03.135824 UTC,229.16,229.2,1000,900,1627942268920657368
2021-08-03 01:32:03.236657 UTC,229.16,229.2,1000,1200,1627942268920657371
2021-08-03 01:32:08.570171 UTC,229.16,229.2,1000,900,1627942268920657406
2021-08-03 01:32:08.670918 UTC,229.16,229.2,1000,1200,1627942268920657407
2021-08-03 01:32:14.156127 UTC,229.16,229.2,1000,900,1627942268920657431
2021-08-03 01:32:14.256408 UTC,229.16,229.2,1000,1200,1627942268920657432
2021-08-03 01:32:20.49712 UTC,229.16,229.2,1000,900,1627942268920657461
2021-08-03 01:32:20.597819 UTC,229.16,229.2,1000,1200,1627942268920657462
2021-08-03 01:32:27.070866 UTC,229.16,229.2,1000,900,1627942268920657472
2021-08-03 01:32:27.171965 UTC,229.16,229.2,1000,1200,1627942268920657473
2021-08-03 01:32:33.069934 UTC,229.16,229.2,1000,900,1627942268920657480
2021-08-03 01:32:33.170107 UTC,229.16,229.2,1000,1200,1627942268920657481
2021-08-03 01:32:45.202375 UTC,229.16,229.2,1000,900,1627942268920657499
2021-08-03 01:32:45.303305 UTC,229.16,229.2,1000,1200,1627942268920657500
2021-08-03 01:32:51.215456 UTC,229.16,229.2,1000,900,1627942268920657532
2021-08-03 01:32:51.315553 UTC,229.16,229.2,1000,1200,1627942268920657533
2021-08-03 01:33:00.722556 UTC,229.16,229.2,1000,1500,1627942268920657565
2021-08-03 01:33:00.621843 UTC,229.16,229.2,1000,1200,1627942268920657564
2021-08-03 01:33:01.827498 UTC,229.16,229.2,1000,2200,1627942268920657574
2021-08-03 01:33:01.828776 UTC,229.16,229.2,1000,1200,1627942268920657576
2021-08-03 01:33:02.636964 UTC,229.16,229.2,1000,2200,1627942268920657586
2021-08-03 01:33:02.638261 UTC,229.16,229.2,1000,1200,1627942268920657587
2021-08-03 01:33:10.240548 UTC,229.16,229.2,1000,900,1627942268920657594
2021-08-03 01:33:10.341382 UTC,229.16,229.2,1000,1200,1627942268920657596
2021-08-03 01:33:10.487243 UTC,229.16,229.2,1000,2200,1627942268920657600
2021-08-03 01:33:10.601842 UTC,229.16,229.2,1000,1200,1627942268920657601
2021-08-03 01:33:11.068242 UTC,229.16,229.2,1000,2200,1627942268920657604
2021-08-03 01:33:11.069616 UTC,229.16,229.2,1000,1200,1627942268920657605
2021-08-03 01:33:11.172444 UTC,229.16,229.2,1000,2200,1627942268920657608
2021-08-03 01:33:12.57112 UTC,229.16,229.2,1000,1200,1627942268920657609
2021-08-03 01:33:12.816446 UTC,229.16,229.2,1000,2200,1627942268920657612
2021-08-03 01:33:13.20285 UTC,229.16,229.2,1000,1200,1627942268920657613
2021-08-03 01:33:13.582924 UTC,229.16,229.2,1000,2200,1627942268920657616
2021-08-03 01:33:13.645783 UTC,229.16,229.2,1000,1200,1627942268920657617
2021-08-03 01:33:13.714601 UTC,229.16,229.2,1000,2200,1627942268920657622
2021-08-03 01:33:15.81767 UTC,229.16,229.2,1000,1900,1627942268920657640
2021-08-03 01:33:15.918591 UTC,229.16,229.2,1000,2200,1627942268920657643
2021-08-03 01:33:23.574419 UTC,229.16,229.2,1000,1900,1627942268920657689
2021-08-03 01:33:23.675105 UTC,229.16,229.2,1000,2200,1627942268920657690
2021-08-03 01:33:26.805584 UTC,229.16,229.2,1000,1200,1627942268920657695
2021-08-03 01:33:28.949334 UTC,229.16,229.2,1000,900,1627942268920657708
2021-08-03 01:33:29.051361 UTC,229.16,229.2,1000,1200,1627942268920657711
2021-08-03 01:33:31.08292 UTC,229.16,229.2,1000,2200,1627942268920657719
2021-08-03 01:33:31.084106 UTC,229.16,229.2,1000,1200,1627942268920657720
2021-08-03 01:33:38.115737 UTC,229.16,229.2,1000,900,1627942268920657730
2021-08-03 01:33:38.217106 UTC,229.16,229.2,1000,1200,1627942268920657731
2021-08-03 01:33:53.024207 UTC,229.16,229.2,1000,900,1627942268920657734
2021-08-03 01:33:53.12457 UTC,229.16,229.2,1000,1200,1627942268920657735
2021-08-03 01:34:00.744244 UTC,229.16,229.2,1000,900,1627942268920657738
2021-08-03 01:34:00.84441 UTC,229.16,229.2,1000,1200,1627942268920657739
2021-08-03 01:34:11.562991 UTC,229.16,229.2,1000,900,1627942268920657764
2021-08-03 01:34:11.663421 UTC,229.16,229.2,1000,1200,1627942268920657765
2021-08-03 01:34:16.942547 UTC,229.16,229.2,1000,900,1627942268920657819
2021-08-03 01:34:17.043095 UTC,229.16,229.2,1000,1200,1627942268920657820
2021-08-03 01:34:26.282051 UTC,229.16,229.2,1000,1500,1627942268920657838
2021-08-03 01:34:26.180299 UTC,229.16,229.2,1000,1200,1627942268920657837
2021-08-03 01:34:32.435459 UTC,229.16,229.2,1000,900,1627942268920657849
2021-08-03 01:34:32.536339 UTC,229.16,229.2,1000,1200,1627942268920657850
2021-08-03 01:34:40.99334 UTC,229.16,229.2,1000,900,1627942268920657865
2021-08-03 01:34:41.093748 UTC,229.16,229.2,1000,1200,1627942268920657866
2021-08-03 01:35:20.965942 UTC,229.16,229.2,1000,900,1627942268920657902
2021-08-03 01:35:22.20718 UTC,229.16,229.2,1000,1200,1627942268920657915
2021-08-03 01:35:27.17851 UTC,229.16,229.2,1000,1500,1627942268920657917
2021-08-03 01:35:24.682038 UTC,229.16,229.2,1000,1200,1627942268920657916
2021-08-03 01:35:27.697258 UTC,229.16,229.2,1000,900,1627942268920657918
2021-08-03 01:35:28.916241 UTC,229.16,229.2,1000,1200,1627942268920657919
2021-08-03 01:35:29.138645 UTC,229.16,229.2,1000,900,1627942268920657920
2021-08-03 01:35:31.10255 UTC,229.16,229.2,1000,1200,1627942268920657924
2021-08-03 01:35:32.291518 UTC,229.16,229.2,1000,900,1627942268920657925
2021-08-03 01:37:11.163732 UTC,229.16,229.2,1000,1200,1627942268920657983
2021-08-03 01:37:20.199556 UTC,229.16,229.2,1000,900,1627942268920657990
2021-08-03 01:37:46.79461 UTC,229.0,229.2,300,900,1627942268920658025
2021-08-03 01:37:46.79463 UTC,229.17,229.2,1000,900,1627942268920658026
2021-08-03 01:37:58.604584 UTC,229.0,229.2,300,900,1627942268920658031
2021-08-03 01:37:58.604603 UTC,229.18,229.2,1000,900,1627942268920658032
2021-08-03 01:37:58.611133 UTC,229.0,229.2,300,900,1627942268920658034
2021-08-03 01:37:58.604716 UTC,228.8,229.2,300,900,1627942268920658033
2021-08-03 01:37:58.611152 UTC,229.17,229.2,1000,900,1627942268920658035
2021-08-03 01:38:00.103557 UTC,229.0,229.2,300,900,1627942268920658037
2021-08-03 01:38:00.103577 UTC,229.18,229.2,1000,900,1627942268920658038
2021-08-03 01:38:00.682849 UTC,229.0,229.2,300,900,1627942268920658043
2021-08-03 01:38:00.682868 UTC,229.19,229.2,1000,900,1627942268920658044
2021-08-03 01:38:02.713826 UTC,229.0,229.2,300,900,1627942268920658047
2021-08-03 01:38:02.713845 UTC,229.2,229.22,100,1000,1627942268920658048
2021-08-03 01:38:03.079006 UTC,229.2,229.22,1000,1000,1627942268920658052
2021-08-03 01:38:03.182085 UTC,229.2,229.22,1045,1000,1627942268920658053
2021-08-03 01:38:03.585283 UTC,229.2,229.22,1000,1000,1627942268920658054
2021-08-03 01:38:10.118453 UTC,229.0,229.22,300,1000,1627942268920658057
2021-08-03 01:38:10.118472 UTC,229.19,229.22,1000,1000,1627942268920658058
2021-08-03 01:38:10.118777 UTC,229.0,229.22,300,1000,1627942268920658060
2021-08-03 01:38:10.118591 UTC,228.8,229.22,300,1000,1627942268920658059
2021-08-03 01:38:10.118792 UTC,229.2,229.22,1000,1000,1627942268920658061
2021-08-03 01:38:12.187267 UTC,229.0,229.22,300,1000,1627942268920658065
2021-08-03 01:38:12.187299 UTC,229.19,229.22,1000,1000,1627942268920658066
2021-08-03 01:38:12.615201 UTC,229.0,229.22,300,1000,1627942268920658071
2021-08-03 01:38:12.615228 UTC,229.18,229.22,1000,1000,1627942268920658072
2021-08-03 01:38:19.404874 UTC,229.0,229.22,300,1000,1627942268920658073
2021-08-03 01:38:19.404894 UTC,229.17,229.22,1000,1000,1627942268920658074
2021-08-03 01:38:22.370102 UTC,229.0,229.22,300,1000,1627942268920658081
2021-08-03 01:38:22.370123 UTC,229.16,229.22,1000,1000,1627942268920658082
2021-08-03 01:38:25.514908 UTC,229.0,229.22,300,1000,1627942268920658085
2021-08-03 01:38:25.514924 UTC,229.17,229.22,1000,1000,1627942268920658086
2021-08-03 01:38:29.622419 UTC,229.0,229.22,300,1000,1627942268920658095
2021-08-03 01:38:29.622438 UTC,229.18,229.22,1000,1000,1627942268920658096
2021-08-03 01:38:31.685435 UTC,229.0,229.22,300,1000,1627942268920658099
2021-08-03 01:38:31.685454 UTC,229.19,229.22,1000,1000,1627942268920658100
2021-08-03 01:38:32.003992 UTC,229.0,229.22,300,1000,1627942268920658103
2021-08-03 01:38:32.004011 UTC,229.18,229.22,1000,1000,1627942268920658104
2021-08-03 01:38:33.762091 UTC,229.0,229.22,300,1000,1627942268920658105
2021-08-03 01:38:33.762121 UTC,229.17,229.22,1000,1000,1627942268920658106
2021-08-03 01:38:36.10619 UTC,229.0,229.22,300,1000,1627942268920658109
2021-08-03 01:38:36.10622 UTC,229.16,229.22,1000,1000,1627942268920658110
2021-08-03 01:38:36.409247 UTC,229.0,229.22,300,1000,1627942268920658111
2021-08-03 01:38:36.409278 UTC,229.17,229.22,1000,1000,1627942268920658112
2021-08-03 01:38:37.884572 UTC,229.0,229.22,300,1000,1627942268920658117
2021-08-03 01:38:37.884593 UTC,229.18,229.22,1000,1000,1627942268920658118
2021-08-03 01:38:56.078874 UTC,229.17,229.22,1000,1000,1627942268920658137
2021-08-03 01:39:25.2462 UTC,229.0,229.22,300,1000,1627942268920658189
2021-08-03 01:39:25.246218 UTC,229.16,229.22,1000,1000,1627942268920658190
2021-08-03 01:39:27.58266 UTC,229.0,229.22,300,1000,1627942268920658193
2021-08-03 01:39:27.582683 UTC,229.15,229.22,1000,1000,1627942268920658194
2021-08-03 01:39:27.582976 UTC,228.8,229.22,300,1000,1627942268920658196
2021-08-03 01:39:27.582995 UTC,229.16,229.22,1000,1000,1627942268920658197
2021-08-03 01:39:27.591089 UTC,228.8,229.22,300,1000,1627942268920658198
2021-08-03 01:39:27.591111 UTC,229.15,229.22,1000,1000,1627942268920658199
2021-08-03 01:39:27.647699 UTC,228.8,229.22,300,1000,1627942268920658200
2021-08-03 01:39:27.647718 UTC,229.16,229.22,1000,1000,1627942268920658201
2021-08-03 01:39:27.860253 UTC,229.0,229.22,300,1000,1627942268920658203
2021-08-03 01:39:27.860272 UTC,229.15,229.22,1000,1000,1627942268920658204
2021-08-03 01:39:28.080928 UTC,229.0,229.22,300,1000,1627942268920658205
2021-08-03 01:39:28.080965 UTC,229.14,229.22,1000,1000,1627942268920658206
2021-08-03 01:39:29.77268 UTC,229.0,229.22,300,1000,1627942268920658211
2021-08-03 01:39:29.772701 UTC,229.15,229.22,1000,1000,1627942268920658212
2021-08-03 01:39:30.504715 UTC,229.16,229.22,1000,1000,1627942268920658216
2021-08-03 01:39:30.504692 UTC,229.15,229.22,1000,1000,1627942268920658215
2021-08-03 01:39:31.090695 UTC,229.17,229.22,1000,1000,1627942268920658220
2021-08-03 01:39:59.57678 UTC,229.15,229.22,1000,1000,1627942268920658225
2021-08-03 01:39:59.5768 UTC,229.18,229.22,1000,1000,1627942268920658226
2021-08-03 01:40:20.878164 UTC,229.15,229.22,1000,1000,1627942268920658231
2021-08-03 01:40:20.878182 UTC,229.19,229.22,1000,1000,1627942268920658232
2021-08-03 01:40:21.017753 UTC,229.2,229.22,45,1000,1627942268920658234
2021-08-03 01:40:21.018163 UTC,229.2,229.22,1045,1000,1627942268920658236
2021-08-03 01:40:22.731866 UTC,229.2,229.22,1000,1000,1627942268920658245
2021-08-03 01:40:22.834906 UTC,229.2,229.22,1045,1000,1627942268920658248
2021-08-03 01:40:22.867506 UTC,229.2,229.22,1000,1000,1627942268920658249
2021-08-03 01:40:29.231703 UTC,229.2,229.22,1045,1000,1627942268920658255
2021-08-03 01:40:29.597971 UTC,229.2,229.22,1000,1000,1627942268920658258
2021-08-03 01:40:32.191044 UTC,229.2,229.22,1045,1000,1627942268920658259
2021-08-03 01:40:32.570665 UTC,229.2,229.22,45,1000,1627942268920658260
2021-08-03 01:40:32.571675 UTC,229.19,229.22,1000,1000,1627942268920658262
2021-08-03 01:40:38.577425 UTC,229.15,229.22,1000,1000,1627942268920658263
2021-08-03 01:40:38.577445 UTC,229.18,229.22,1000,1000,1627942268920658264
2021-08-03 01:40:38.577752 UTC,229.15,229.22,1000,1000,1627942268920658265
2021-08-03 01:40:38.577795 UTC,229.19,229.22,1000,1000,1627942268920658266
2021-08-03 01:40:38.578035 UTC,229.15,229.22,1000,1000,1627942268920658268
2021-08-03 01:40:38.578054 UTC,229.18,229.22,1000,1000,1627942268920658269
2021-08-03 01:40:41.091479 UTC,229.15,229.22,1000,1000,1627942268920658271
2021-08-03 01:40:41.091499 UTC,229.19,229.22,1000,1000,1627942268920658272
2021-08-03 01:40:41.632036 UTC,229.15,229.22,1000,1000,1627942268920658274
2021-08-03 01:40:41.631709 UTC,229.2,229.22,45,1000,1627942268920658273
2021-08-03 01:40:41.632054 UTC,229.2,229.22,1045,1000,1627942268920658275
2021-08-03 01:40:43.035214 UTC,229.2,229.22,45,1000,1627942268920658276
2021-08-03 01:40:43.036252 UTC,229.19,229.22,1000,1000,1627942268920658278
2021-08-03 01:40:43.44471 UTC,229.2,229.22,45,1000,1627942268920658279
2021-08-03 01:40:43.634092 UTC,229.2,229.22,90,1000,1627942268920658281
2021-08-03 01:40:43.634498 UTC,229.2,229.22,1090,1000,1627942268920658283
2021-08-03 01:40:51.749414 UTC,229.2,229.22,1045,1000,1627942268920658288
2021-08-03 01:40:57.722234 UTC,229.2,229.22,1090,1000,1627942268920658294
2021-08-03 01:41:00.231836 UTC,229.2,229.22,1045,1000,1627942268920658295
2021-08-03 01:41:00.52821 UTC,229.2,229.22,1090,1000,1627942268920658297
2021-08-03 01:41:00.556099 UTC,229.2,229.22,1045,1000,1627942268920658298
2021-08-03 01:41:00.855169 UTC,229.2,229.22,1090,1000,1627942268920658299
2021-08-03 01:41:01.242918 UTC,229.2,229.22,1045,1000,1627942268920658300
2021-08-03 01:41:01.542502 UTC,229.2,229.22,1090,1000,1627942268920658301
2021-08-03 01:41:16.046652 UTC,229.2,229.22,90,1000,1627942268920658308
2021-08-03 01:41:16.046701 UTC,229.21,229.22,1000,1000,1627942268920658309
2021-08-03 01:41:27.024281 UTC,229.2,229.22,90,1000,1627942268920658310
2021-08-03 01:41:27.0243 UTC,229.22,229.27,1000,1000,1627942268920658311
2021-08-03 01:41:30.280017 UTC,229.2,229.27,90,1000,1627942268920658331
2021-08-03 01:41:30.280036 UTC,229.23,229.27,1000,1000,1627942268920658332
2021-08-03 01:41:49.244323 UTC,229.2,229.27,345,1000,1627942268920658375
2021-08-03 01:41:49.244342 UTC,229.24,229.27,1000,1000,1627942268920658376
2021-08-03 01:41:51.863366 UTC,229.2,229.27,345,1000,1627942268920658395
2021-08-03 01:41:51.863387 UTC,229.23,229.27,1000,1000,1627942268920658396
2021-08-03 01:42:06.097558 UTC,229.2,229.27,600,1000,1627942268920658452
2021-08-03 01:42:06.097559 UTC,229.24,229.27,1000,1000,1627942268920658453
2021-08-03 01:42:06.098921 UTC,229.2,229.27,600,1000,1627942268920658456
2021-08-03 01:42:06.09894 UTC,229.23,229.27,1000,1000,1627942268920658457
2021-08-03 01:42:07.085632 UTC,229.2,229.27,600,1000,1627942268920658460
2021-08-03 01:42:07.085633 UTC,229.24,229.27,1000,1000,1627942268920658461
2021-08-03 01:42:16.585561 UTC,229.2,229.27,345,1000,1627942268920658480
2021-08-03 01:42:16.585581 UTC,229.23,229.27,1000,1000,1627942268920658481
2021-08-03 01:42:16.585933 UTC,229.2,229.27,300,1000,1627942268920658486
2021-08-03 01:42:16.585969 UTC,229.24,229.27,1000,1000,1627942268920658487
2021-08-03 01:43:54.709779 UTC,229.22,229.27,1000,1000,1627942268920658647
2021-08-03 01:43:54.709797 UTC,229.25,229.27,1000,1000,1627942268920658648
2021-08-03 01:44:18.725145 UTC,229.22,229.27,1000,1000,1627942268920658721
2021-08-03 01:44:18.725181 UTC,229.24,229.27,1000,1000,1627942268920658722
2021-08-03 01:44:28.710073 UTC,229.25,229.27,1000,1000,1627942268920658771
2021-08-03 01:44:28.710054 UTC,229.24,229.27,1000,1000,1627942268920658770
2021-08-03 01:44:39.189943 UTC,229.26,229.27,1000,1000,1627942268920658781
2021-08-03 01:44:43.726266 UTC,229.24,229.27,1000,1000,1627942268920658802
2021-08-03 01:44:43.726287 UTC,229.25,229.27,1000,1000,1627942268920658803
2021-08-03 01:52:44.129395 UTC,229.25,229.27,2000,1000,1627942268920659423
2021-08-03 01:52:45.34453 UTC,229.25,229.27,1000,1000,1627942268920659432
2021-08-03 01:53:00.858437 UTC,229.25,229.27,2000,1000,1627942268920659477
2021-08-03 01:53:08.858163 UTC,229.25,229.27,1000,1000,1627942268920659489
2021-08-03 01:53:08.858182 UTC,229.27,229.32,1000,1000,1627942268920659490
2021-08-03 01:53:14.085207 UTC,229.28,229.32,1000,1000,1627942268920659498
2021-08-03 01:53:14.085173 UTC,229.27,229.32,1000,1000,1627942268920659497
2021-08-03 01:53:19.318234 UTC,229.29,229.32,1000,1000,1627942268920659501
2021-08-03 01:53:25.109109 UTC,229.27,229.32,1000,1000,1627942268920659512
2021-08-03 01:53:25.10911 UTC,229.3,229.32,1000,1000,1627942268920659513
2021-08-03 01:53:25.110438 UTC,229.27,229.32,1000,1000,1627942268920659515
2021-08-03 01:53:25.110454 UTC,229.29,229.32,1000,1000,1627942268920659516
2021-08-03 01:53:26.100276 UTC,229.27,229.32,1000,1000,1627942268920659520
2021-08-03 01:53:26.100295 UTC,229.32,229.34,1000,1000,1627942268920659521
2021-08-03 01:53:26.101786 UTC,229.27,229.34,1000,1000,1627942268920659524
2021-08-03 01:53:26.101805 UTC,229.31,229.34,1000,1000,1627942268920659525
2021-08-03 01:53:37.938558 UTC,229.32,229.34,1000,1000,1627942268920659548
2021-08-03 01:53:37.938533 UTC,229.31,229.34,1000,1000,1627942268920659547
2021-08-03 01:53:39.63708 UTC,229.33,229.34,1000,1000,1627942268920659553
2021-08-03 01:53:39.637065 UTC,229.31,229.34,1000,1000,1627942268920659552
2021-08-03 01:53:46.203087 UTC,229.34,229.38,1000,2000,1627942268920659556
2021-08-03 01:53:46.203067 UTC,229.31,229.38,1000,2000,1627942268920659555
2021-08-03 01:53:46.205856 UTC,229.33,229.38,1000,2000,1627942268920659559
2021-08-03 01:53:46.628793 UTC,229.31,229.38,1000,2000,1627942268920659565
2021-08-03 01:53:46.628809 UTC,229.32,229.38,1000,2000,1627942268920659566
2021-08-03 01:53:47.388644 UTC,229.31,229.38,1000,2000,1627942268920659567
2021-08-03 01:53:53.522502 UTC,229.27,229.38,1000,2000,1627942268920659573
2021-08-03 01:53:53.522518 UTC,229.3,229.38,1000,2000,1627942268920659574
2021-08-03 01:53:53.539829 UTC,229.27,229.38,1000,2000,1627942268920659575
2021-08-03 01:53:53.539846 UTC,229.31,229.38,1000,2000,1627942268920659576
2021-08-03 01:53:53.749837 UTC,229.27,229.38,1000,2000,1627942268920659581
2021-08-03 01:53:53.749856 UTC,229.32,229.38,1000,2000,1627942268920659582
2021-08-03 01:53:55.730592 UTC,229.27,229.38,1000,2000,1627942268920659593
2021-08-03 01:53:55.73061 UTC,229.33,229.38,1000,2000,1627942268920659594
2021-08-03 01:54:04.124837 UTC,229.27,229.38,1000,2000,1627942268920659597
2021-08-03 01:54:04.124857 UTC,229.34,229.38,1000,2000,1627942268920659598
2021-08-03 01:54:05.999174 UTC,229.27,229.38,1000,2000,1627942268920659607
2021-08-03 01:54:05.999193 UTC,229.33,229.38,1000,2000,1627942268920659608
2021-08-03 01:54:11.685594 UTC,229.27,229.38,1000,2000,1627942268920659611
2021-08-03 01:54:11.685615 UTC,229.34,229.38,1000,2000,1627942268920659612
2021-08-03 01:54:34.062058 UTC,229.27,229.38,1000,2000,1627942268920659631
2021-08-03 01:54:34.062077 UTC,229.35,229.38,1000,2000,1627942268920659632
2021-08-03 01:54:34.063565 UTC,229.27,229.38,1000,2000,1627942268920659634
2021-08-03 01:54:34.063613 UTC,229.34,229.38,1000,2000,1627942268920659635
2021-08-03 01:54:35.133104 UTC,229.27,229.38,1000,2000,1627942268920659637
2021-08-03 01:54:35.133123 UTC,229.35,229.38,1000,2000,1627942268920659638
2021-08-03 01:54:43.13065 UTC,229.27,229.38,1000,2000,1627942268920659643
2021-08-03 01:54:43.130667 UTC,229.34,229.38,1000,2000,1627942268920659644
2021-08-03 01:54:43.13097 UTC,229.35,229.38,1000,2000,1627942268920659646
2021-08-03 01:54:43.130954 UTC,229.34,229.38,1000,2000,1627942268920659645
2021-08-03 01:54:48.110962 UTC,229.27,229.38,1000,2000,1627942268920659653
2021-08-03 01:54:48.110978 UTC,229.33,229.38,1000,2000,1627942268920659654
2021-08-03 01:55:28.324434 UTC,229.27,229.38,1000,2000,1627942268920659669
2021-08-03 01:55:28.324453 UTC,229.34,229.38,1000,2000,1627942268920659670
2021-08-03 01:55:39.286008 UTC,229.27,229.38,1000,2000,1627942268920659671
2021-08-03 01:55:39.286009 UTC,229.33,229.38,1000,2000,1627942268920659672
2021-08-03 01:55:39.287401 UTC,229.27,229.38,1000,2000,1627942268920659674
2021-08-03 01:55:39.287437 UTC,229.34,229.38,1000,2000,1627942268920659675
2021-08-03 01:55:50.48371 UTC,229.27,229.38,1000,2000,1627942268920659679
2021-08-03 01:55:50.483728 UTC,229.35,229.38,1000,2000,1627942268920659680
2021-08-03 01:55:53.609292 UTC,229.27,229.38,1000,2000,1627942268920659683
2021-08-03 01:55:53.609331 UTC,229.34,229.38,1000,2000,1627942268920659684
2021-08-03 01:56:06.719967 UTC,229.27,229.38,1000,2000,1627942268920659687
2021-08-03 01:56:06.719986 UTC,229.35,229.38,1000,2000,1627942268920659688
2021-08-03 01:56:23.999546 UTC,229.27,229.38,1000,2000,1627942268920659691
2021-08-03 01:56:23.999583 UTC,229.34,229.38,1000,2000,1627942268920659692
2021-08-03 01:56:53.213038 UTC,229.27,229.38,1000,2000,1627942268920659693
2021-08-03 01:56:53.213061 UTC,229.35,229.38,1000,2000,1627942268920659694
2021-08-03 01:56:57.249818 UTC,229.36,229.38,1000,2000,1627942268920659702
2021-08-03 01:56:57.249799 UTC,229.35,229.38,1000,2000,1627942268920659701
2021-08-03 01:56:59.630379 UTC,229.27,229.38,1000,2000,1627942268920659705
2021-08-03 01:56:59.630397 UTC,229.34,229.38,1000,2000,1627942268920659706
2021-08-03 01:57:11.530768 UTC,229.27,229.38,1000,2000,1627942268920659709
2021-08-03 01:57:11.530811 UTC,229.35,229.38,1000,2000,1627942268920659710
2021-08-03 01:57:13.138167 UTC,229.27,229.38,1000,2000,1627942268920659717
2021-08-03 01:57:13.138191 UTC,229.34,229.38,1000,2000,1627942268920659718
2021-08-03 01:57:24.935055 UTC,229.27,229.38,1000,2000,1627942268920659721
2021-08-03 01:57:24.935104 UTC,229.35,229.38,1000,2000,1627942268920659722
2021-08-03 01:57:44.741271 UTC,229.27,229.38,1000,2000,1627942268920659727
2021-08-03 01:57:44.741315 UTC,229.36,229.38,1000,2000,1627942268920659728
2021-08-03 01:57:46.296759 UTC,229.27,229.38,1000,2000,1627942268920659733
2021-08-03 01:57:46.296783 UTC,229.37,229.38,1000,2000,1627942268920659734
2021-08-03 01:57:46.3097 UTC,229.27,229.38,1000,2000,1627942268920659735
2021-08-03 01:57:46.309722 UTC,229.36,229.38,1000,2000,1627942268920659736
2021-08-03 01:57:47.545699 UTC,229.27,229.38,1000,2000,1627942268920659737
2021-08-03 01:57:47.545737 UTC,229.29,229.38,1000,2000,1627942268920659738
2021-08-03 01:57:47.546186 UTC,229.27,229.38,1000,2000,1627942268920659742
2021-08-03 01:57:47.546205 UTC,229.28,229.38,1000,2000,1627942268920659743
2021-08-03 01:57:47.550518 UTC,229.27,229.38,1000,2000,1627942268920659744
2021-08-03 01:57:47.550538 UTC,229.29,229.38,1000,2000,1627942268920659745
2021-08-03 01:57:47.551009 UTC,229.27,229.38,1000,2000,1627942268920659748
2021-08-03 01:57:47.551033 UTC,229.3,229.38,1000,2000,1627942268920659749
2021-08-03 01:57:47.552402 UTC,229.27,229.38,1000,2000,1627942268920659752
2021-08-03 01:57:47.552425 UTC,229.29,229.38,1000,2000,1627942268920659753
2021-08-03 01:57:47.552715 UTC,229.3,229.38,1000,2000,1627942268920659755
2021-08-03 01:57:47.552695 UTC,229.29,229.38,1000,2000,1627942268920659754
2021-08-03 01:57:47.684826 UTC,229.36,229.38,1000,2000,1627942268920659775
2021-08-03 01:57:47.825998 UTC,229.29,229.38,1000,2000,1627942268920659782
2021-08-03 01:57:47.826029 UTC,229.35,229.38,1000,2000,1627942268920659783
2021-08-03 01:57:48.459842 UTC,229.29,229.38,1000,2000,1627942268920659789
2021-08-03 01:57:48.459861 UTC,229.34,229.38,1000,2000,1627942268920659790
2021-08-03 01:58:02.274963 UTC,229.29,229.38,1000,2000,1627942268920659809
2021-08-03 01:58:02.274982 UTC,229.35,229.38,1000,2000,1627942268920659810
2021-08-03 01:58:02.306314 UTC,229.29,229.38,1000,2000,1627942268920659813
2021-08-03 01:58:02.306332 UTC,229.34,229.38,1000,2000,1627942268920659814
2021-08-03 01:58:02.618869 UTC,229.29,229.38,1000,2000,1627942268920659823
2021-08-03 01:58:02.61887 UTC,229.36,229.38,1000,2000,1627942268920659824
2021-08-03 01:58:03.093854 UTC,229.29,229.38,1000,2000,1627942268920659825
2021-08-03 01:58:03.093872 UTC,229.35,229.38,1000,2000,1627942268920659826
2021-08-03 01:58:03.094159 UTC,229.29,229.38,1000,2000,1627942268920659827
2021-08-03 01:58:03.094176 UTC,229.36,229.38,1000,2000,1627942268920659828
2021-08-03 01:58:07.93329 UTC,229.29,229.38,1000,2000,1627942268920659833
2021-08-03 01:58:07.933307 UTC,229.37,229.38,1000,2000,1627942268920659834
2021-08-03 01:58:19.264922 UTC,229.29,229.38,1000,2000,1627942268920659841
2021-08-03 01:58:19.264958 UTC,229.36,229.38,1000,2000,1627942268920659842
2021-08-03 01:58:19.265213 UTC,229.29,229.38,1000,2000,1627942268920659844
2021-08-03 01:58:19.265232 UTC,229.37,229.38,1000,2000,1627942268920659845
2021-08-03 01:58:47.688963 UTC,229.29,229.38,1000,2000,1627942268920659861
2021-08-03 01:58:47.688991 UTC,229.36,229.38,1000,2000,1627942268920659862
2021-08-03 01:58:47.68929 UTC,229.37,229.38,1000,2000,1627942268920659865
2021-08-03 01:58:47.689272 UTC,229.36,229.38,1000,2000,1627942268920659864
2021-08-03 01:58:52.643207 UTC,229.29,229.38,1000,2000,1627942268920659872
2021-08-03 01:58:52.643228 UTC,229.35,229.38,1000,2000,1627942268920659873
2021-08-03 01:58:54.515167 UTC,229.29,229.38,1000,2000,1627942268920659877
2021-08-03 01:58:54.51519 UTC,229.34,229.38,1000,2000,1627942268920659878
2021-08-03 01:59:12.62712 UTC,229.29,229.38,1000,2000,1627942268920659884
2021-08-03 01:59:12.627145 UTC,229.36,229.38,1000,2000,1627942268920659885
2021-08-03 01:59:38.962539 UTC,229.29,229.38,1000,2000,1627942268920659889
2021-08-03 01:59:38.962556 UTC,229.35,229.38,1000,2000,1627942268920659890
2021-08-03 01:59:39.599902 UTC,229.29,229.38,1000,2000,1627942268920659893
2021-08-03 01:59:39.599921 UTC,229.34,229.38,1000,2000,1627942268920659894
2021-08-03 01:59:48.313525 UTC,229.29,229.38,1000,2000,1627942268920659901
2021-08-03 01:59:48.313546 UTC,229.33,229.38,1000,2000,1627942268920659902
2021-08-03 01:59:55.888134 UTC,229.29,229.38,1000,2000,1627942268920659905
2021-08-03 01:59:55.888153 UTC,229.34,229.38,1000,2000,1627942268920659906
2021-08-03 01:59:56.119867 UTC,229.29,229.38,1000,2000,1627942268920659909
2021-08-03 01:59:56.119885 UTC,229.33,229.38,1000,2000,1627942268920659910
2021-08-03 02:00:02.68649 UTC,229.29,229.38,1000,2000,1627942268920659915
2021-08-03 02:00:02.686509 UTC,229.32,229.38,1000,2000,1627942268920659916
2021-08-03 02:00:02.686791 UTC,229.29,229.38,1000,2000,1627942268920659918
2021-08-03 02:00:02.68681 UTC,229.33,229.38,1000,2000,1627942268920659919
2021-08-03 02:00:02.704573 UTC,229.29,229.38,1000,2000,1627942268920659920
2021-08-03 02:00:02.704592 UTC,229.32,229.38,1000,2000,1627942268920659921
2021-08-03 02:00:05.258816 UTC,229.29,229.38,1000,2000,1627942268920659929
2021-08-03 02:00:05.258835 UTC,229.31,229.38,1000,2000,1627942268920659930
2021-08-03 02:00:07.628705 UTC,229.29,229.38,1000,2000,1627942268920659931
2021-08-03 02:00:07.628727 UTC,229.32,229.38,1000,2000,1627942268920659932
2021-08-03 02:00:14.115282 UTC,229.29,229.38,1000,2000,1627942268920659933
2021-08-03 02:00:14.115322 UTC,229.31,229.38,1000,2000,1627942268920659934
2021-08-03 02:00:14.115612 UTC,229.29,229.38,1000,2000,1627942268920659936
2021-08-03 02:00:14.115631 UTC,229.32,229.38,1000,2000,1627942268920659937
2021-08-03 02:00:14.495103 UTC,229.29,229.38,1000,2000,1627942268920659939
2021-08-03 02:00:14.495121 UTC,229.31,229.38,1000,2000,1627942268920659940
2021-08-03 02:00:14.496757 UTC,229.29,229.38,1000,2000,1627942268920659946
2021-08-03 02:00:14.496804 UTC,229.32,229.38,1000,2000,1627942268920659947
2021-08-03 02:00:16.301253 UTC,229.29,229.38,1000,2000,1627942268920659953
2021-08-03 02:00:16.30127 UTC,229.31,229.38,1000,2000,1627942268920659954
2021-08-03 02:00:17.114753 UTC,229.32,229.38,1000,2000,1627942268920659956
2021-08-03 02:00:17.114728 UTC,229.31,229.38,1000,2000,1627942268920659955
2021-08-03 02:00:20.484739 UTC,229.33,229.38,1000,2000,1627942268920659958
2021-08-03 02:00:20.485992 UTC,229.31,229.38,1000,2000,1627942268920659963
2021-08-03 02:00:20.486011 UTC,229.32,229.38,1000,2000,1627942268920659964
2021-08-03 02:00:24.124478 UTC,229.31,229.38,1000,2000,1627942268920659971
2021-08-03 02:00:33.138211 UTC,229.32,229.38,1000,2000,1627942268920659976
2021-08-03 02:00:33.138178 UTC,229.31,229.38,1000,2000,1627942268920659975
2021-08-03 02:01:11.379675 UTC,229.29,229.38,1000,2000,1627942268920660005
2021-08-03 02:01:11.37969 UTC,229.32,229.38,1000,2000,1627942268920660006
2021-08-03 02:01:17.707382 UTC,229.29,229.38,1000,2000,1627942268920660017
2021-08-03 02:01:17.707401 UTC,229.33,229.38,1000,2000,1627942268920660018
2021-08-03 02:01:19.798302 UTC,229.29,229.38,1000,2000,1627942268920660021
2021-08-03 02:01:19.798322 UTC,229.34,229.38,1000,2000,1627942268920660022
2021-08-03 02:01:19.953527 UTC,229.29,229.38,1000,2000,1627942268920660023
2021-08-03 02:01:19.953567 UTC,229.33,229.38,1000,2000,1627942268920660024
2021-08-03 02:01:20.488824 UTC,229.29,229.38,1000,2000,1627942268920660025
2021-08-03 02:01:20.594134 UTC,229.32,229.38,1000,2000,1627942268920660032
2021-08-03 02:01:21.205911 UTC,229.29,229.38,1000,2000,1627942268920660033
2021-08-03 02:01:21.205931 UTC,229.31,229.38,1000,2000,1627942268920660034
2021-08-03 02:01:23.754222 UTC,229.29,229.38,1000,2000,1627942268920660039
2021-08-03 02:01:23.754238 UTC,229.32,229.38,1000,2000,1627942268920660040
2021-08-03 02:01:23.757643 UTC,229.29,229.38,1000,2000,1627942268920660043
2021-08-03 02:01:23.757663 UTC,229.3,229.38,1000,2000,1627942268920660044
2021-08-03 02:01:23.831342 UTC,229.29,229.38,1000,2000,1627942268920660047
2021-08-03 02:01:23.831358 UTC,229.31,229.38,1000,2000,1627942268920660048
2021-08-03 02:01:24.092314 UTC,229.29,229.38,1000,2000,1627942268920660051
2021-08-03 02:01:24.092333 UTC,229.32,229.38,1000,2000,1627942268920660052
2021-08-03 02:01:24.627996 UTC,229.29,229.38,1000,2000,1627942268920660057
2021-08-03 02:01:24.628017 UTC,229.33,229.38,1000,2000,1627942268920660058
2021-08-03 02:01:30.461898 UTC,229.29,229.38,1000,2000,1627942268920660059
2021-08-03 02:01:30.461914 UTC,229.34,229.38,1000,2000,1627942268920660060
2021-08-03 02:01:32.75066 UTC,229.29,229.38,1000,2000,1627942268920660067
2021-08-03 02:01:32.750679 UTC,229.33,229.38,1000,2000,1627942268920660068
2021-08-03 02:01:33.351797 UTC,229.29,229.38,1000,2000,1627942268920660073
2021-08-03 02:01:33.351817 UTC,229.34,229.38,1000,2000,1627942268920660074
2021-08-03 02:01:44.642014 UTC,229.29,229.38,1000,2000,1627942268920660075
2021-08-03 02:01:44.642035 UTC,229.33,229.38,1000,2000,1627942268920660076
2021-08-03 02:01:49.350554 UTC,229.29,229.38,1000,2000,1627942268920660083
2021-08-03 02:01:49.350573 UTC,229.34,229.38,1000,2000,1627942268920660084
2021-08-03 02:01:49.357665 UTC,229.29,229.38,1000,2000,1627942268920660085
2021-08-03 02:01:49.357685 UTC,229.33,229.38,1000,2000,1627942268920660086
2021-08-03 02:01:52.784392 UTC,229.29,229.38,1000,2000,1627942268920660087
2021-08-03 02:01:52.784413 UTC,229.34,229.38,1000,2000,1627942268920660088
2021-08-03 02:02:24.678081 UTC,229.29,229.38,1000,2000,1627942268920660093
2021-08-03 02:02:24.678102 UTC,229.33,229.38,1000,2000,1627942268920660094
2021-08-03 02:02:31.701762 UTC,229.29,229.38,1000,2000,1627942268920660101
2021-08-03 02:02:31.701782 UTC,229.34,229.38,1000,2000,1627942268920660102
2021-08-03 02:02:44.103446 UTC,229.29,229.38,1000,2000,1627942268920660113
2021-08-03 02:02:44.103465 UTC,229.35,229.38,1000,2000,1627942268920660114
2021-08-03 02:02:50.104211 UTC,229.29,229.38,1000,2000,1627942268920660117
2021-08-03 02:02:50.104229 UTC,229.36,229.38,1000,2000,1627942268920660118
2021-08-03 02:02:54.627458 UTC,229.29,229.38,1000,2000,1627942268920660123
2021-08-03 02:02:54.627491 UTC,229.37,229.38,1000,2000,1627942268920660124
2021-08-03 02:03:03.832368 UTC,229.29,229.38,1000,2000,1627942268920660137
2021-08-03 02:03:03.832369 UTC,229.39,229.38,1000,2000,1627942268920660138
2021-08-03 02:03:03.833634 UTC,229.29,229.38,1000,2000,1627942268920660144
2021-08-03 02:03:03.833656 UTC,229.38,229.4,1000,1600,1627942268920660145
2021-08-03 02:03:03.833977 UTC,229.39,229.4,1000,1600,1627942268920660147
2021-08-03 02:03:06.686741 UTC,229.38,229.4,1000,1600,1627942268920660149
2021-08-03 02:03:14.538511 UTC,229.29,229.4,1000,1600,1627942268920660155
2021-08-03 02:03:14.538531 UTC,229.37,229.4,1000,1600,1627942268920660156
2021-08-03 02:03:14.538787 UTC,229.29,229.4,1000,1600,1627942268920660158
2021-08-03 02:03:14.538806 UTC,229.38,229.4,1000,1600,1627942268920660159
2021-08-03 02:03:27.723683 UTC,229.29,229.4,1000,1600,1627942268920660165
2021-08-03 02:03:27.723704 UTC,229.37,229.4,1000,1600,1627942268920660166
2021-08-03 02:03:32.638165 UTC,229.29,229.4,1000,1600,1627942268920660169
2021-08-03 02:03:46.489017 UTC,229.29,229.4,1000,1465,1627942268920660171
2021-08-03 02:03:32.638185 UTC,229.38,229.4,1000,1465,1627942268920660170
2021-08-03 02:03:46.489364 UTC,229.29,229.4,1000,1465,1627942268920660172
2021-08-03 02:03:46.489384 UTC,229.39,229.4,1000,1465,1627942268920660173
2021-08-03 02:03:47.31655 UTC,229.29,229.4,1000,1465,1627942268920660175
2021-08-03 02:03:47.316551 UTC,229.31,229.4,1000,1465,1627942268920660176
2021-08-03 02:03:47.45183 UTC,229.29,229.4,1000,1465,1627942268920660183
2021-08-03 02:03:47.45188 UTC,229.36,229.4,1000,1465,1627942268920660184
2021-08-03 02:03:47.453247 UTC,229.29,229.4,1000,1465,1627942268920660186
2021-08-03 02:03:47.453263 UTC,229.37,229.4,1000,1465,1627942268920660187
2021-08-03 02:03:48.906367 UTC,229.29,229.4,1000,1465,1627942268920660189
2021-08-03 02:03:48.906393 UTC,229.38,229.4,1000,1465,1627942268920660190
2021-08-03 02:04:00.546791 UTC,229.29,229.4,1000,1465,1627942268920660195
2021-08-03 02:04:00.54681 UTC,229.32,229.4,1000,1465,1627942268920660196
2021-08-03 02:04:00.695244 UTC,229.38,229.4,1000,1465,1627942268920660204
2021-08-03 02:04:00.695227 UTC,229.32,229.4,1000,1465,1627942268920660203
2021-08-03 02:04:08.473984 UTC,229.29,229.4,1000,1465,1627942268920660213
2021-08-03 02:04:08.474004 UTC,229.37,229.4,1000,1465,1627942268920660214
2021-08-03 02:04:09.480994 UTC,229.29,229.4,1000,1465,1627942268920660215
2021-08-03 02:04:09.481015 UTC,229.36,229.4,1000,1465,1627942268920660216
2021-08-03 02:04:13.404902 UTC,229.37,229.4,1000,1465,1627942268920660218
2021-08-03 02:04:20.636032 UTC,229.36,229.4,1000,1465,1627942268920660222
2021-08-03 02:04:20.636051 UTC,229.38,229.4,1000,1465,1627942268920660223
2021-08-03 02:04:28.573 UTC,229.38,229.4,1000,1330,1627942268920660245
2021-08-03 02:04:28.57332 UTC,229.36,229.4,1000,1330,1627942268920660246
2021-08-03 02:04:28.573339 UTC,229.36,229.4,1000,240,1627942268920660247
2021-08-03 02:04:28.873545 UTC,229.39,229.4,1000,240,1627942268920660250
2021-08-03 02:04:37.514321 UTC,229.39,229.4,1000,150,1627942268920660258
2021-08-03 02:04:37.827143 UTC,229.39,229.4,1000,60,1627942268920660261
2021-08-03 02:04:37.827565 UTC,229.4,229.42,940,1000,1627942268920660263
2021-08-03 02:04:39.160793 UTC,229.39,229.42,1000,1000,1627942268920660264
2021-08-03 02:04:39.162174 UTC,229.4,229.42,1000,1000,1627942268920660267
2021-08-03 02:04:39.162155 UTC,229.39,229.42,1000,1000,1627942268920660266
2021-08-03 02:04:39.462232 UTC,229.4,229.42,45,1000,1627942268920660271
2021-08-03 02:04:40.265365 UTC,229.4,229.42,1045,1000,1627942268920660275
2021-08-03 02:04:41.832392 UTC,229.4,229.42,45,1000,1627942268920660278
2021-08-03 02:04:41.83241 UTC,229.41,229.42,1000,1000,1627942268920660279
2021-08-03 02:04:45.9461 UTC,229.4,229.42,300,1000,1627942268920660284
2021-08-03 02:04:45.94612 UTC,229.42,229.43,1000,1000,1627942268920660285
2021-08-03 02:04:52.517648 UTC,229.4,229.43,45,1000,1627942268920660296
2021-08-03 02:04:52.517767 UTC,229.36,229.43,1000,1000,1627942268920660298
2021-08-03 02:04:52.517668 UTC,229.41,229.43,1000,1000,1627942268920660297
2021-08-03 02:04:55.544851 UTC,229.36,229.43,1000,1000,1627942268920660301
2021-08-03 02:04:52.618809 UTC,229.4,229.43,45,1000,1627942268920660300
2021-08-03 02:04:55.544873 UTC,229.42,229.43,1000,1000,1627942268920660302
2021-08-03 02:04:59.519601 UTC,229.4,229.43,300,1000,1627942268920660314
2021-08-03 02:04:59.519619 UTC,229.43,229.47,1000,1000,1627942268920660315
2021-08-03 02:05:01.014655 UTC,229.4,229.47,300,1000,1627942268920660326
2021-08-03 02:05:01.014656 UTC,229.44,229.47,1000,1000,1627942268920660327
2021-08-03 02:05:01.110067 UTC,229.4,229.47,300,1000,1627942268920660330
2021-08-03 02:05:01.110087 UTC,229.43,229.47,1000,1000,1627942268920660331
2021-08-03 02:05:07.43965 UTC,229.4,229.47,300,1000,1627942268920660374
2021-08-03 02:05:07.439678 UTC,229.44,229.47,1000,1000,1627942268920660375
2021-08-03 02:05:13.466457 UTC,229.4,229.47,300,1000,1627942268920660447
2021-08-03 02:05:13.466476 UTC,229.45,229.47,1000,1000,1627942268920660448
2021-08-03 02:05:19.632986 UTC,229.4,229.47,300,1000,1627942268920660491
2021-08-03 02:05:19.633014 UTC,229.44,229.47,1000,1000,1627942268920660492
2021-08-03 02:05:25.482169 UTC,229.4,229.47,300,1000,1627942268920660547
2021-08-03 02:05:25.482198 UTC,229.45,229.47,1000,1000,1627942268920660548
2021-08-03 02:05:25.502313 UTC,229.36,229.47,1000,1000,1627942268920660552
2021-08-03 02:05:25.502331 UTC,229.46,229.47,1000,1000,1627942268920660553
2021-08-03 02:05:33.250932 UTC,229.4,229.47,300,1000,1627942268920660555
2021-08-03 02:05:33.250965 UTC,229.47,229.52,1000,1000,1627942268920660556
2021-08-03 02:05:33.252148 UTC,229.36,229.52,1000,1000,1627942268920660561
2021-08-03 02:05:33.252167 UTC,229.46,229.52,1000,1000,1627942268920660562
2021-08-03 02:05:33.253036 UTC,229.36,229.52,1000,1000,1627942268920660563
2021-08-03 02:05:33.253055 UTC,229.45,229.52,1000,1000,1627942268920660564
2021-08-03 02:05:33.253408 UTC,229.46,229.52,1000,1000,1627942268920660566
2021-08-03 02:05:33.253387 UTC,229.45,229.52,1000,1000,1627942268920660565
2021-08-03 02:05:36.140891 UTC,229.47,229.52,1000,1000,1627942268920660582
2021-08-03 02:05:36.140875 UTC,229.45,229.52,1000,1000,1627942268920660581
2021-08-03 02:05:41.656611 UTC,229.48,229.52,1000,1000,1627942268920660606
2021-08-03 02:05:44.272786 UTC,229.45,229.52,1000,1000,1627942268920660621
2021-08-03 02:05:44.272827 UTC,229.47,229.52,1000,1000,1627942268920660622
2021-08-03 02:05:47.141733 UTC,229.45,229.52,1000,1000,1627942268920660623
2021-08-03 02:05:47.141759 UTC,229.48,229.52,1000,1000,1627942268920660624
2021-08-03 02:05:48.17546 UTC,229.45,229.52,1000,1000,1627942268920660627
2021-08-03 02:05:48.175493 UTC,229.49,229.52,1000,1000,1627942268920660628
2021-08-03 02:05:55.102033 UTC,229.45,229.52,1000,1000,1627942268920660629
2021-08-03 02:05:55.102054 UTC,229.48,229.52,1000,1000,1627942268920660630
2021-08-03 02:05:55.659992 UTC,229.45,229.52,1000,1000,1627942268920660633
2021-08-03 02:05:55.660012 UTC,229.47,229.52,1000,1000,1627942268920660634
2021-08-03 02:05:57.801156 UTC,229.45,229.52,1000,1000,1627942268920660635
2021-08-03 02:05:57.801177 UTC,229.46,229.52,1000,1000,1627942268920660636
2021-08-03 02:05:59.063897 UTC,229.45,229.52,1000,1000,1627942268920660637
2021-08-03 02:06:01.981548 UTC,229.4,229.52,300,1000,1627942268920660639
2021-08-03 02:06:01.981568 UTC,229.46,229.52,1000,1000,1627942268920660640
2021-08-03 02:06:06.231935 UTC,229.4,229.52,300,1000,1627942268920660643
2021-08-03 02:06:06.231954 UTC,229.47,229.52,1000,1000,1627942268920660644
2021-08-03 02:06:06.360357 UTC,229.4,229.52,300,1000,1627942268920660645
2021-08-03 02:06:06.360397 UTC,229.46,229.52,1000,1000,1627942268920660646
2021-08-03 02:10:31.664728 UTC,229.46,229.53,1000,1000,1627942268920660894
2021-08-03 02:10:35.815198 UTC,229.46,229.51,1000,1000,1627942268920660899
2021-08-03 02:10:35.815812 UTC,229.46,229.53,1000,1000,1627942268920660902
2021-08-03 02:10:35.815858 UTC,229.46,229.5,1000,1000,1627942268920660903
2021-08-03 02:10:35.817552 UTC,229.46,229.53,1000,1000,1627942268920660906
2021-08-03 02:10:35.81757 UTC,229.46,229.51,1000,1000,1627942268920660907
2021-08-03 02:10:35.97102 UTC,229.46,229.53,1000,1000,1627942268920660910
2021-08-03 02:10:35.971021 UTC,229.46,229.52,1000,1000,1627942268920660911
2021-08-03 02:10:36.143567 UTC,229.46,229.53,1000,1000,1627942268920660916
2021-08-03 02:10:36.143584 UTC,229.46,229.51,1000,1000,1627942268920660917
2021-08-03 02:10:36.376942 UTC,229.46,229.53,1000,1000,1627942268920660920
2021-08-03 02:10:36.376962 UTC,229.46,229.52,1000,1000,1627942268920660921
2021-08-03 02:10:42.09513 UTC,229.46,229.53,1000,1000,1627942268920660926
2021-08-03 02:10:47.229678 UTC,229.46,229.58,1000,1000,1627942268920660930
2021-08-03 02:10:47.229699 UTC,229.46,229.54,1000,1000,1627942268920660931
2021-08-03 02:10:47.336509 UTC,229.46,229.58,1000,1000,1627942268920660937
2021-08-03 02:10:47.336529 UTC,229.46,229.55,1000,1000,1627942268920660938
2021-08-03 02:10:50.464438 UTC,229.46,229.58,1000,1000,1627942268920660940
2021-08-03 02:10:50.464458 UTC,229.46,229.56,1000,1000,1627942268920660941
2021-08-03 02:11:12.221193 UTC,229.46,229.58,1000,1000,1627942268920660942
2021-08-03 02:11:12.22122 UTC,229.46,229.55,1000,1000,1627942268920660943
2021-08-03 02:11:16.656164 UTC,229.46,229.58,1000,1000,1627942268920660944
2021-08-03 02:11:16.656188 UTC,229.46,229.54,1000,1000,1627942268920660945
2021-08-03 02:11:16.65755 UTC,229.46,229.58,1000,1000,1627942268920660947
2021-08-03 02:11:16.657571 UTC,229.46,229.55,1000,1000,1627942268920660948
2021-08-03 02:11:16.657835 UTC,229.46,229.58,1000,1000,1627942268920660949
2021-08-03 02:11:16.657864 UTC,229.46,229.54,1000,1000,1627942268920660950
2021-08-03 02:11:21.688907 UTC,229.46,229.58,1000,1000,1627942268920660952
2021-08-03 02:11:21.688924 UTC,229.46,229.55,1000,1000,1627942268920660953
2021-08-03 02:11:21.689205 UTC,229.46,229.58,1000,1000,1627942268920660954
2021-08-03 02:11:21.689222 UTC,229.46,229.54,1000,1000,1627942268920660955
2021-08-03 02:11:21.699129 UTC,229.46,229.58,1000,1000,1627942268920660956
2021-08-03 02:11:21.69915 UTC,229.46,229.55,1000,1000,1627942268920660957
2021-08-03 02:12:10.849846 UTC,229.46,229.58,1000,1000,1627942268920660958
2021-08-03 02:12:10.849866 UTC,229.46,229.54,1000,1000,1627942268920660959
2021-08-03 02:12:18.658423 UTC,229.46,229.58,1000,1000,1627942268920660965
2021-08-03 02:12:18.658441 UTC,229.46,229.53,1000,1000,1627942268920660966
2021-08-03 02:12:20.659526 UTC,229.46,229.58,1000,1000,1627942268920660972
2021-08-03 02:12:20.659542 UTC,229.46,229.52,1000,1000,1627942268920660973
2021-08-03 02:12:28.165632 UTC,229.46,229.58,1000,1000,1627942268920660984
2021-08-03 02:12:28.165661 UTC,229.46,229.51,1000,1000,1627942268920660985
2021-08-03 02:12:53.408851 UTC,229.46,229.4,1000,300,1627942268920660996
2021-08-03 02:12:55.542022 UTC,229.46,229.51,1000,1000,1627942268920660997
2021-08-03 02:12:59.164874 UTC,229.46,229.58,1000,1000,1627942268920661000
2021-08-03 02:12:59.164889 UTC,229.46,229.49,1000,1000,1627942268920661001
2021-08-03 02:12:59.266324 UTC,229.46,229.4,1000,300,1627942268920661003
2021-08-03 02:12:59.648845 UTC,229.46,229.49,1000,1000,1627942268920661004
2021-08-03 02:13:02.115537 UTC,229.46,229.58,1000,1000,1627942268920661006
2021-08-03 02:13:02.11556 UTC,229.46,229.56,1000,1000,1627942268920661007
2021-08-03 02:13:02.418347 UTC,229.46,229.58,1000,1000,1627942268920661012
2021-08-03 02:13:02.41837 UTC,229.46,229.51,1000,1000,1627942268920661013
2021-08-03 02:13:02.862469 UTC,229.46,229.58,1000,1000,1627942268920661016
2021-08-03 02:13:02.862486 UTC,229.46,229.5,1000,1000,1627942268920661017
2021-08-03 02:13:08.597781 UTC,229.46,229.58,1000,1000,1627942268920661020
2021-08-03 02:13:08.597804 UTC,229.46,229.51,1000,1000,1627942268920661021
2021-08-03 02:14:04.975466 UTC,229.46,229.58,1000,1000,1627942268920661024
2021-08-03 02:14:04.975498 UTC,229.46,229.52,1000,1000,1627942268920661025
2021-08-03 02:14:19.665201 UTC,229.46,229.58,1000,1000,1627942268920661032
2021-08-03 02:14:19.665218 UTC,229.46,229.51,1000,1000,1627942268920661033
2021-08-03 02:14:30.161433 UTC,229.46,229.58,1000,1000,1627942268920661036
2021-08-03 02:14:30.161454 UTC,229.46,229.5,1000,1000,1627942268920661037
2021-08-03 02:14:41.152085 UTC,229.46,229.58,1000,1000,1627942268920661040
2021-08-03 02:14:41.152103 UTC,229.46,229.52,1000,1000,1627942268920661041
2021-08-03 02:14:41.15241 UTC,229.46,229.58,1000,1000,1627942268920661043
2021-08-03 02:14:41.15243 UTC,229.46,229.5,1000,1000,1627942268920661044
2021-08-03 02:14:48.19142 UTC,229.46,229.58,1000,1000,1627942268920661046
2021-08-03 02:14:48.19144 UTC,229.46,229.51,1000,1000,1627942268920661047
2021-08-03 02:15:04.596874 UTC,229.46,229.5,1000,1000,1627942268920661057
2021-08-03 02:15:04.596853 UTC,229.46,229.51,1000,1000,1627942268920661056
2021-08-03 02:15:15.587149 UTC,229.46,229.58,1000,1000,1627942268920661066
2021-08-03 02:15:15.587176 UTC,229.46,229.5,1000,1000,1627942268920661067
2021-08-03 02:15:23.438167 UTC,229.46,229.4,1000,300,1627942268920661070
2021-08-03 02:15:25.698928 UTC,229.46,229.5,1000,1000,1627942268920661071
2021-08-03 02:15:26.187154 UTC,229.46,229.4,1000,300,1627942268920661072
2021-08-03 02:15:28.10905 UTC,229.46,229.5,1000,1000,1627942268920661073
2021-08-03 02:15:28.520092 UTC,229.46,229.58,1000,1000,1627942268920661078
2021-08-03 02:15:28.52013 UTC,229.46,229.49,1000,1000,1627942268920661079
2021-08-03 02:15:28.621675 UTC,229.46,229.4,1000,300,1627942268920661081
2021-08-03 02:15:29.003565 UTC,229.46,229.49,1000,1000,1627942268920661082
2021-08-03 02:15:30.559509 UTC,229.46,229.4,1000,300,1627942268920661084
2021-08-03 02:15:32.24371 UTC,229.46,229.49,1000,1000,1627942268920661085
2021-08-03 02:15:40.325827 UTC,229.46,229.4,1000,300,1627942268920661086
2021-08-03 02:15:40.384146 UTC,229.46,229.49,1000,1000,1627942268920661087
2021-08-03 02:15:52.808043 UTC,229.46,229.4,1000,300,1627942268920661088
2021-08-03 02:15:52.954158 UTC,229.46,229.49,1000,1000,1627942268920661089
2021-08-03 02:15:53.2534 UTC,229.46,229.4,1000,300,1627942268920661090
2021-08-03 02:16:05.741352 UTC,229.46,229.49,1000,1000,1627942268920661091
2021-08-03 02:16:18.321223 UTC,229.46,229.4,1000,300,1627942268920661092
2021-08-03 02:16:18.32803 UTC,229.46,229.49,1000,1000,1627942268920661093
2021-08-03 02:16:30.074437 UTC,229.46,229.4,1000,300,1627942268920661094
2021-08-03 02:16:30.344173 UTC,229.46,229.49,1000,1000,1627942268920661095
2021-08-03 02:16:40.268337 UTC,229.46,229.4,1000,300,1627942268920661100
2021-08-03 02:16:44.249175 UTC,229.46,229.49,1000,1000,1627942268920661101
2021-08-03 02:16:44.547999 UTC,229.46,229.4,1000,300,1627942268920661102
2021-08-03 02:17:15.739185 UTC,229.46,229.49,1000,1000,1627942268920661103
2021-08-03 02:17:21.002516 UTC,229.46,229.4,1000,300,1627942268920661108
2021-08-03 02:17:21.613699 UTC,229.46,229.49,1000,1000,1627942268920661109
2021-08-03 02:17:24.166371 UTC,229.46,229.4,1000,300,1627942268920661110
2021-08-03 02:17:26.024796 UTC,229.46,229.49,1000,1000,1627942268920661111
2021-08-03 02:17:29.160086 UTC,229.46,229.58,1000,1000,1627942268920661112
2021-08-03 02:17:29.160105 UTC,229.46,229.48,1000,1000,1627942268920661113
2021-08-03 02:17:29.261893 UTC,229.46,229.4,1000,300,1627942268920661114
2021-08-03 02:18:48.463491 UTC,229.46,229.48,1000,1000,1627942268920661119
2021-08-03 02:18:49.488126 UTC,229.46,229.58,1000,1000,1627942268920661120
2021-08-03 02:18:49.488166 UTC,229.46,229.47,1000,1000,1627942268920661121
2021-08-03 02:18:49.58959 UTC,229.46,229.4,1000,300,1627942268920661123
2021-08-03 02:19:09.19418 UTC,229.46,229.47,1000,1000,1627942268920661134
2021-08-03 02:19:26.648345 UTC,229.46,229.58,1000,1000,1627942268920661140
2021-08-03 02:19:26.648364 UTC,229.46,229.48,1000,1000,1627942268920661141
2021-08-03 02:19:40.794503 UTC,229.46,229.58,1000,1000,1627942268920661150
2021-08-03 02:19:40.794524 UTC,229.46,229.49,1000,1000,1627942268920661151
2021-08-03 02:19:54.564226 UTC,229.46,229.58,1000,1000,1627942268920661154
2021-08-03 02:19:54.564227 UTC,229.46,229.56,1000,1000,1627942268920661155
2021-08-03 02:19:54.692163 UTC,229.46,229.58,1000,1000,1627942268920661160
2021-08-03 02:19:54.692185 UTC,229.46,229.51,1000,1000,1627942268920661161
2021-08-03 02:20:00.877869 UTC,229.46,229.58,1000,1000,1627942268920661162
2021-08-03 02:20:00.877888 UTC,229.46,229.49,1000,1000,1627942268920661163
2021-08-03 02:20:18.022763 UTC,229.46,229.58,1000,1000,1627942268920661166
2021-08-03 02:20:18.022798 UTC,229.46,229.5,1000,1000,1627942268920661167
2021-08-03 02:20:53.497085 UTC,229.46,229.58,1000,1000,1627942268920661168
2021-08-03 02:20:53.497104 UTC,229.46,229.49,1000,1000,1627942268920661169
2021-08-03 02:21:11.047807 UTC,229.46,229.4,1000,300,1627942268920661172
2021-08-03 02:21:21.04538 UTC,229.46,229.49,1000,1000,1627942268920661173
2021-08-03 02:21:30.994809 UTC,229.46,229.4,1000,300,1627942268920661178
2021-08-03 02:21:36.763304 UTC,229.46,229.49,1000,1000,1627942268920661179
2021-08-03 02:21:41.973076 UTC,229.46,229.4,1000,300,1627942268920661180
2021-08-03 02:21:47.935731 UTC,229.46,229.49,1000,1000,1627942268920661189
2021-08-03 02:21:47.9362 UTC,229.46,229.48,1000,1000,1627942268920661193
2021-08-03 02:21:47.936199 UTC,229.46,229.49,1000,1000,1627942268920661192
2021-08-03 02:21:48.150168 UTC,229.46,229.47,1000,1000,1627942268920661197
2021-08-03 02:21:49.376919 UTC,229.46,229.49,1000,1000,1627942268920661202
2021-08-03 02:21:49.376938 UTC,229.46,229.48,1000,1000,1627942268920661203
2021-08-03 02:21:58.036338 UTC,229.46,229.49,1000,1000,1627942268920661204
2021-08-03 02:21:58.036371 UTC,229.46,229.47,1000,1000,1627942268920661205
2021-08-03 02:21:58.592799 UTC,229.46,229.49,1000,1000,1627942268920661208
2021-08-03 02:21:58.59282 UTC,229.46,229.48,1000,1000,1627942268920661209
2021-08-03 02:22:06.717477 UTC,229.46,229.4,1000,300,1627942268920661210
2021-08-03 02:22:07.101668 UTC,229.46,229.48,1000,1000,1627942268920661211
2021-08-03 02:22:07.456291 UTC,229.46,229.49,1000,1000,1627942268920661212
2021-08-03 02:22:07.456321 UTC,229.46,229.47,1000,1000,1627942268920661213
2021-08-03 02:22:13.731502 UTC,229.46,229.49,1000,1000,1627942268920661216
2021-08-03 02:22:13.73152 UTC,229.46,229.48,1000,1000,1627942268920661217
2021-08-03 02:22:33.912916 UTC,229.46,229.4,1000,300,1627942268920661220
2021-08-03 02:22:34.4514 UTC,229.46,229.48,1000,1000,1627942268920661221
2021-08-03 02:22:34.758522 UTC,229.46,229.4,1000,300,1627942268920661222
2021-08-03 02:22:34.936487 UTC,229.46,229.48,1000,1000,1627942268920661223
2021-08-03 02:22:58.532689 UTC,229.46,229.4,1000,300,1627942268920661230
2021-08-03 02:23:24.292494 UTC,229.46,229.48,1000,1000,1627942268920661235
2021-08-03 02:23:29.295647 UTC,229.46,229.47,1000,1000,1627942268920661240
2021-08-03 02:23:29.295605 UTC,229.46,229.48,1000,1000,1627942268920661239
2021-08-03 02:23:29.397326 UTC,229.46,229.4,1000,300,1627942268920661243
2021-08-03 02:23:29.823205 UTC,229.46,229.48,1000,1000,1627942268920661244
2021-08-03 02:23:29.823578 UTC,229.46,229.49,1000,1000,1627942268920661245
2021-08-03 02:23:29.823915 UTC,229.46,229.47,1000,1000,1627942268920661248
2021-08-03 02:23:33.15465 UTC,229.46,229.4,1000,300,1627942268920661250
2021-08-03 02:23:33.961054 UTC,229.46,229.47,1000,1000,1627942268920661251
2021-08-03 02:23:34.192214 UTC,229.46,229.4,1000,300,1627942268920661252
2021-08-03 02:23:34.829137 UTC,229.46,229.47,1000,1000,1627942268920661253
2021-08-03 02:23:38.800343 UTC,229.46,229.49,1000,1000,1627942268920661254
2021-08-03 02:23:38.800361 UTC,229.46,229.48,1000,1000,1627942268920661255
2021-08-03 02:23:41.581005 UTC,229.46,229.4,1000,300,1627942268920661258
2021-08-03 02:23:45.8839 UTC,229.46,229.48,1000,1000,1627942268920661259
2021-08-03 02:24:01.68524 UTC,229.46,229.49,1000,1000,1627942268920661260
2021-08-03 02:24:01.686746 UTC,229.46,229.58,1000,1000,1627942268920661265
2021-08-03 02:24:01.68678 UTC,229.46,229.48,1000,1000,1627942268920661266
2021-08-03 02:24:14.508005 UTC,229.46,229.4,1000,300,1627942268920661276
2021-08-03 02:24:15.887191 UTC,229.46,229.48,1000,1000,1627942268920661277
2021-08-03 02:24:19.898788 UTC,229.46,229.4,1000,300,1627942268920661278
2021-08-03 02:24:20.350813 UTC,229.46,229.48,1000,1000,1627942268920661279
2021-08-03 02:25:07.391902 UTC,229.46,229.58,1000,1000,1627942268920661284
2021-08-03 02:25:07.391923 UTC,229.46,229.49,1000,1000,1627942268920661285
2021-08-03 02:25:07.392232 UTC,229.46,229.48,1000,1000,1627942268920661288
2021-08-03 02:25:07.392213 UTC,229.46,229.49,1000,1000,1627942268920661287
2021-08-03 02:25:24.380759 UTC,229.46,229.4,1000,300,1627942268920661294
2021-08-03 02:25:28.210276 UTC,229.46,229.49,1000,1000,1627942268920661295
2021-08-03 02:26:39.394609 UTC,229.46,229.4,1000,300,1627942268920661310
2021-08-03 02:27:03.549623 UTC,229.46,229.58,1000,1000,1627942268920661315
2021-08-03 02:27:06.605779 UTC,229.46,229.48,1000,1000,1627942268920661317
2021-08-03 02:27:06.706838 UTC,229.46,229.4,1000,300,1627942268920661319
2021-08-03 02:27:07.729974 UTC,229.46,229.48,1000,1000,1627942268920661320
2021-08-03 02:27:10.90566 UTC,229.46,229.4,1000,300,1627942268920661322
2021-08-03 02:27:11.346312 UTC,229.46,229.4,1000,600,1627942268920661324
2021-08-03 02:27:12.576973 UTC,229.46,229.4,1000,300,1627942268920661325
2021-08-03 02:27:19.949981 UTC,229.46,229.4,1000,600,1627942268920661326
2021-08-03 02:27:36.574107 UTC,229.46,229.4,1000,300,1627942268920661331
2021-08-03 02:27:36.873004 UTC,229.46,229.4,1000,600,1627942268920661336
2021-08-03 02:30:37.919547 UTC,229.46,229.4,1000,300,1627942268920661390
2021-08-03 02:30:37.919446 UTC,229.46,229.4,1000,1300,1627942268920661389
